3294 5086
725 341 916 410 ..p...

233 513 375 603 quadam
402 517 684 584 verisimilitudinis
712 519 745 582 in
775 517 946 602 pristinam
978 518 1193 604 integritatem
1227 516 1405 601 restituere,

232 637 268 696 ut
290 651 519 712 nonnunquam
543 630 661 695 dehoc
683 629 794 695 labore
817 630 1051 716 desperandum
1073 653 1142 696 esse
1157 630 1314 713 videatur,
1334 652 1406 694 cum

232 741 419 806 consulum
441 741 625 807 condicione
650 742 811 824 codicum,
846 743 902 808 sed
930 743 1026 808 etiam
1052 745 1174 808 incerta
1201 742 1322 824 origine
1344 743 1407 806 exi-

232 871 358 935 guoque
381 875 532 919 versuum
562 875 695 918 numero
725 852 930 919 difficultates
960 856 1077 918 mirum
1108 859 1264 937 quantum
1293 858 1406 918 auctae

232 963 306 1028 sint.
350 963 527 1049 Propterea
549 965 582 1028 in
600 965 687 1029 nullo
711 964 774 1029 alio
797 965 863 1030 fere
892 968 993 1050 magis
1016 988 1113 1049 quam
1142 967 1175 1031 in
1204 966 1265 1030 hoc
1286 965 1320 1030 id
1343 964 1406 1030 ela-

232 1075 412 1142 borandum
435 1083 492 1159 est,
524 1082 561 1142 ut
587 1076 713 1159 singula
734 1077 832 1142 verba
859 1100 983 1143 summa
1012 1077 1160 1142 cautione
1186 1076 1333 1142 adhibita
1355 1097 1406 1140 61-

231 1188 389 1253 cutiamus
417 1193 450 1253 et
470 1194 625 1272 quantum
650 1209 819 1272 possumus
840 1195 927 1253 recta
949 1191 1153 1266 retineamus,
1178 1189 1260 1254 falsa
1289 1189 1406 1254 abicia-

230 1321 301 1364 mus
325 1321 403 1365 neve
431 1301 531 1365 nimia
559 1299 713 1365 acuminis
734 1299 852 1365 fiducia
874 1305 988 1383 poetae
1010 1302 1107 1366 verba
1130 1300 1235 1366 studio
1264 1302 1406 1385 quodam

231 1412 408 1494 corrigendi
435 1412 596 1477 interdum
627 1413 855 1496 depravemus,
886 1414 962 1495 quin
992 1414 1088 1477 etiarn
1115 1414 1226 1497 paucis
1256 1415 1406 1478 nimirum

229 1522 308 1588 locis
331 1524 419 1589 haud
440 1545 574 1609 peccare
596 1524 783 1606 videbimur,
812 1525 838 1590 si
868 1526 1015 1590 carminis
1044 1525 1169 1590 auctori
1191 1524 1403 1590 elocutionem

232 1636 397 1717 quandam
412 1636 673 1719 condonabimus,
694 1659 791 1720 qnam
811 1638 837 1700 si
853 1637 939 1720 apud
955 1637 1054 1702 alium
1075 1637 1296 1719 inveniremus,
1317 1637 1405 1702 haud

231 1747 327 1812 dubie
343 1748 609 1814 abiudicaremus.
646 1748 803 1814 Intricata
818 1749 916 1831 igitur
931 1755 963 1813 et
983 1749 1086 1814 ardua
1103 1771 1155 1814 are
1173 1749 1292 1830 critica,
1312 1768 1404 1831 quae,

231 1881 303 1925 cum
322 1882 386 1924 non
408 1881 533 1944 semper
554 1861 645 1926 firmo
668 1860 875 1925 fundamento
897 1861 1029 1942 nitatur,
1051 1861 1091 1926 de
1111 1862 1221 1926 multis
1242 1861 1320 1924 locis
1342 1880 1404 1923 non

231 1974 308 2037 satis
330 1972 466 2038 fidenter
488 1973 629 2038 iudicare
652 1979 771 2057 potest,
800 1974 831 2037 in
860 1972 1021 2037 codicibus
1050 1995 1113 2038 non
1136 1973 1256 2057 paucis,
1287 1971 1343 2036 sed
1365 1971 1404 2034 iis

230 2085 335 2169 posita
357 2091 415 2167 est,
440 2107 576 2168 quorum
600 2084 740 2150 omnium
755 2085 821 2148 fere
837 2085 962 2150 duobus
985 2085 1124 2168 exceptis
1137 2083 1163 2168 ¹)
1189 2085 1235 2164 „si
1257 2105 1277 2147 a
1298 2083 1404 2165 parvis

229 2197 314 2262 vitiis
340 2196 540 2280 singulorum
562 2197 699 2281 propriis
722 2203 779 2261 aut
800 2219 882 2262 nova
909 2198 941 2261 in
972 2194 1203 2261 recentioribus
1233 2193 1404 2278 interpola-

229 2311 314 2374 tione
335 2309 482 2390 recedaS,
512 2314 606 2373 tanta
628 2314 676 2373 est
700 2311 885 2391 concordia,
915 2331 1008 2373 ovum
1033 2315 1070 2373 ut
1092 2329 1151 2373 ovo
1175 2313 1314 2391 nequeat
1336 2328 1405 2371 6666

230 2420 393 2486 similius.“
439 2419 509 2485 Nos
527 2426 644 2504 poetae
661 2443 791 2505 operam
811 2427 963 2486 navantes
986 2423 1124 2486 maxime
1145 2423 1298 2503 quattuor
1316 2418 1405 2482 adiu·

230 2539 306 2598 rant
326 2533 512 2614 BembinuS,
533 2531 817 2616 Cantabrigiensis,
833 2531 1022 2614 Vossianus,
1037 2529 1316 2611 HelmstadiensiS,
1338 2530 1405 2613 qui-

231 2644 290 2709 bus
315 2645 341 2710 si
364 2645 440 2710 velis
462 2645 611 2710 Parisina
634 2649 783 2727 excerpta
804 2644 934 2709 adicias.

315 2755 354 2838 B,
376 2756 554 2825 Vaticanus
569 2756 633 2819 sive
650 2754 826 2820 Bembinus
847 2760 993 2822 1103252
1014 2777 1095 2821 saec.
1111 2755 1170 2818 IX
1191 2756 1224 2818 in
1245 2755 1405 2838 scriptura

229 2868 467 2951 langobardica,
490 2888 574 2932 anno
598 2870 682 2931 1864
703 2865 865 2959 aOarolo
888 2867 1149 2951 Zangemeistero
1168 2866 1404 2930 accuratissime

231 2980 366 3044 collatus
387 2986 445 3060 est,
468 3000 532 3061 qua
553 2978 722 3043 collatione
740 2978 936 3045 Ribbeckius
959 2987 991 3045 et
1011 2978 1229 3044 Baehrensius
1250 2978 1299 3042 usi
1318 2981 1402 3042 sunt.
1499 3003 1501 3007 ’

317 3100 352 3182 C,
372 3100 644 3182 Cantabrigiensis
666 3121 707 3164 no
723 3103 805 3164 2076
829 3121 910 3164 saec.
926 3097 1101 3178 x-X12)
1125 3097 1402 3178 „membranaceus

230 3213 345 3278 litteris
368 3212 542 3277 admodum
560 3211 735 3295 perspicuis
755 3232 818 3274 non
841 3209 990 3273 continua
1019 3209 1200 3293 scriptione,
1229 3208 1284 3274 sed
1313 3229 1403 3273 accu-

229 3325 389 3390 ratissime
416 3324 604 3409 plerumque
634 3322 744 3387 divisis
772 3321 878 3386 verbis
908 3322 1040 3404 singulis
1071 3322 1133 3386 nisi
1162 3321 1249 3405 quod
1271 3319 1403 3384 voculae

231 3437 400 3520 quaedam,
420 3435 671 3520 praepositiones
695 3433 833 3498 maxime
855 3439 887 3497 et
909 3433 1086 3516 particulae
1106 3433 1216 3498 vicinis
1239 3433 1403 3498 vocabulis

231 3549 402 3613 adiunctae
422 3554 527 3612 sunt.“
573 3546 645 3612 Hos
668 3547 748 3612 duos
770 3546 894 3610 codices
922 3567 960 3610 ex
989 3566 1053 3610 uno
1076 3546 1250 3629 archetypo
1272 3546 1404 3611 fluxisse

230 3660 280 3725 vel
310 3659 413 3724 obiter
442 3659 578 3724 intuenti
606 3659 772 3741 utriusque
798 3658 874 3723 vitia
900 3663 1051 3742 apparet,
1082 3657 1168 3740 quod
1193 3677 1317 3739 semper
1339 3655 1403 3720 fere

230 3771 398 3837 levissimis
417 3770 541 3835 mendis
569 3771 725 3854 exceptis,
756 3792 839 3853 quae
861 3770 983 3835 scribae
1012 3790 1119 3834 errore
1145 3771 1313 3834 commissa
1335 3787 1402 3829 esse

231 3884 389 3966 videntur,
409 3883 494 3948 inter
516 3904 550 3947 se
572 3884 767 3965 conspirant.
811 3881 881 3947 Nec
903 3882 1040 3946 multum

315 3994 465 4060 Parisina
487 4001 653 4079 excerpta,
684 4016 767 4077 quae
793 4015 873 4058 saec.
896 3991 1113 4056 XII—XIII
1137 3989 1331 4068 tribuuntur,
1360 3986 1403 4050 ab

301 4255 323 4323 ¹)
341 4257 441 4323 poetae
458 4252 540 4306 latini
557 4251 678 4304 minores
696 4250 758 4304 edd.
778 4248 963 4303 Baehrensius
981 4247 1036 4302 vol.
1055 4246 1088 4300 II
1105 4243 1192 4316 praef.
1211 4261 1239 4312 p.
1258 4243 1299 4295 13.

301 4341 323 4410 ²)
342 4340 484 4408 appendix
502 4337 667 4407 Vergiliana
685 4337 747 4390 edd.
766 4335 938 4414 Ribbeckius
955 4333 1042 4403 praef.
1060 4351 1088 4402 p.
1106 4333 1148 4386 35.
