3294 5086
613 341 655 348 -
700 300 740 366 33

128 500 256 544 versum
294 475 490 540 simillimum
529 495 567 539 ex
607 471 717 539 Aetna
729 473 754 552 ¹)
798 473 938 536 carmine
973 470 1145 553 repetitum
1184 466 1307 549 afferre,

128 596 178 657 est
198 612 245 655 rs.
271 593 308 653 ll
336 633 339 640 ·

258 738 332 782 cum
354 715 480 780 domitis
498 734 591 779 nemo
614 712 766 779 Cererem
786 712 922 776 iactaret
943 713 976 774 in
1000 711 1084 774 arvis

260 829 466 909 venturisque
487 825 588 890 malas
609 823 792 907 prohiberet
813 821 971 887 fructibus
993 821 1119 886 herbae.

216 957 269 1025 Sic
296 957 394 1039 igitur
416 975 526 1020 versus
549 960 634 1018 recte
659 974 694 1018 se
713 951 834 1016 habere
855 951 1019 1032 videntur,
1043 971 1115 1014 cum
1138 953 1170 1012 01
1195 946 1237 1011 ad
1260 966 1310 1010 00-

131 1071 216 1135 dices
229 1069 371 1152 proxime
383 1067 538 1132 accedant
549 1072 582 1130 et
594 1066 711 1148 optime
722 1063 958 1147 intelligantur:
974 1062 1054 1126 haec
1070 1066 1118 1124 est
1131 1058 1271 1126 Vahleni
1282 1056 1309 1142 1)

129 1181 286 1246 sententia
306 1179 347 1243 de
370 1177 494 1244 difficili
515 1179 596 1257 loco,
620 1197 761 1258 quaeum
783 1174 963 1240 Buecheler
974 1173 1001 1258 8)
1024 1173 1118 1255 plane
1137 1169 1308 1252 conspirat.

204 1435 226 1499 ¹)
244 1433 342 1488 Liceat
364 1432 434 1485 mihi
451 1432 481 1484 in
505 1437 667 1487 transcursu
689 1452 779 1503 pauca
802 1435 837 1487 de
855 1432 957 1486 Culicis
981 1448 1044 1485 cum
1068 1431 1162 1484 Aetne
1189 1427 1311 1482 carmine

136 1517 318 1571 similitudine
336 1521 479 1584 annotare,
499 1536 570 1586 quae
588 1536 645 1572 non
663 1523 721 1573 tam
738 1520 838 1572 iisdem
856 1518 954 1586 verbis,
975 1533 1046 1584 quae
1063 1515 1182 1568 maxime
1200 1514 1230 1567 in
1247 1530 1310 1582 pro·

136 1603 230 1656 oemiis
249 1604 511 1672 deprehenduntur,
534 1608 624 1672 'quam
653 1609 715 1658 1010
743 1604 944 1674 compositione
974 1602 1048 1656 inter
1077 1619 1106 1655 se
1133 1601 1310 1669 conspirante

135 1690 384 1744 diversissimorum
407 1695 636 1760 argumentorum
663 1691 792 1746 efficitur.
837 1691 958 1758 Utrique
988 1688 1104 1743 carmini
1129 1685 1310 1756 praemissum

133 1795 191 1831 esse
208 1777 333 1830 videmus
351 1775 534 1844 prooemium,
553 1777 631 1831 cuius
650 1778 720 1832 duae
738 1784 804 1831 sunt
820 1782 925 1847 partes:
944 1776 1034 1829 altera
1046 1774 1162 1828 deorum
1175 1773 1310 1826 auxilium

131 1864 313 1932 imploratur,
332 1862 421 1915 altera
438 1867 600 1931 poematum
618 1869 794 1934 argumenta,
820 1882 890 1932 quae
912 1867 980 1916 tune
1002 1861 1122 1914 maxime
1145 1859 1311 1929 pervulgata

134 1954 163 2003 et
180 1950 284 2003 usitata
303 1947 425 2013 fuerunt,
444 1954 704 2018 commemorantur,
723 1950 799 2004 unde
816 1954 934 2017 uterque
952 1952 1036 2016 poeta
1047 1947 1084 2001 ad
1096 1964 1208 2000 carmen
1219 1946 1311 2014 ipsum

132 2036 206 2090 viam
225 2035 278 2088 sibi
297 2033 396 2086 munit.
440 2031 523 2102 Quod
546 2035 582 2088 ad
605 2036 726 2104 priorem
745 2041 854 2105 partem
872 2035 1003 2105 pertinet,
1026 2034 1102 2087 etin
1122 2032 1217 2086 Oulice
1235 2031 1311 2085 etin

132 2124 226 2175 Aetna
243 2120 365 2190 primum
383 2118 514 2173 Phoebus
532 2121 668 2176 carminis
685 2125 784 2176 auctor
802 2121 901 2174 iisdem
919 2119 977 2173 fere
994 2120 1087 2174 verbis
1111 2117 1311 2185 sententiisque

132 2207 310 2275 praedicatur
328 2208 357 2257 et
375 2205 431 2258 duo
450 2205 547 2258 eadem
565 2206 635 2272 loca,
655 2225 709 2275 quo
729 2207 837 2262 deverti
856 2206 934 2272 solet,
954 2206 1087 2259 continua
1100 2203 1311 2260 enumeratione

131 2292 299 2347 afferuntur:
318 2288 451 2343 Xanthus
465 2293 493 2342 01
504 2289 590 2345 Delos
608 2293 746 2361 (Asteriaz
766 2293 874 2360 Culex),
893 2295 954 2344 tum
965 2289 1080 2342 Phoebo
1094 2288 1146 2343 deo
1159 2294 1311 2343 annectun-

133 2383 181 2432 tur
204 2375 325 2430 Naiades
347 2374 449 2442 (Pierii
475 2375 566 2430 laticis
593 2379 677 2432 decus
699 2405 732 2422 =
754 2382 907 2447 properent
931 2394 947 2429 e
969 2375 1048 2429 10010
1069 2375 1190 2443 Pierio),
1216 2379 1249 2431 ut
1275 2375 1311 2428 ad

133 2468 290 2517 extremum
308 2459 418 2514 exordii
436 2460 539 2515 Culicis
556 2468 641 2532 poeta
663 2464 815 2518 seeundum
837 2467 967 2517 naturam
990 2461 1119 2514 carminis
1145 2461 1241 2515 Palem
1263 2460 1312 2514 ad-

133 2554 216 2604 vocet
228 2552 256 2601 01
269 2546 424 2612 Octavium,
443 2547 574 2616 adquam
589 2548 619 2602 id
637 2549 733 2615 mittit,
752 2548 882 2602 celebret.
917 2545 952 2600 In
970 2547 1105 2615 poematis
1123 2547 1197 2616 ipsis,
1217 2564 1311 2615 quam-

135 2653 219 2702 quam
236 2633 319 2688 valde
337 2632 526 2700 discrepantia
543 2638 714 2699 tractantur,
738 2634 769 2688 id
791 2634 912 2687 maxime
930 2632 1132 2687 attendendum
1156 2637 1198 2686 est
1215 2635 1311 2701 poetas

135 2721 308 2774 occasionem
326 2717 449 2786 arripere
467 2719 580 2773 studere
598 2721 708 2773 easdem
726 2737 807 2789 saepe
820 2719 935 2785 fabulas,
954 2736 1155 2788 nonnunquam
1167 2719 1198 2772 in
1213 2719 1311 2772 eodem

136 2806 241 2872 ordine,
260 2805 315 2858 toti
334 2803 472 2857 connexui
489 2803 630 2858 inserendi
647 2805 725 2860 velut
743 2805 772 2858 iu
785 2806 879 2859 Aetne
896 2823 934 2860 vs.
953 2806 1065 2871 ara-81,
1089 2804 1188 2874 quibus
1207 2803 1310 2858 Culicis

136 2910 175 2947 vs.
198 2893 335 2945 234-242
358 2890 542 2958 respondent,
569 2891 702 2944 continue
725 2890 881 2945 afferuntur
908 2889 1044 2960 Gigantes
1071 2889 1118 2959 (af.
1142 2891 1226 2944 etiam
1249 2890 1309 2944 Oul.

136 2995 174 3030 vs.
192 2979 315 3044 27-28),
334 2976 438 3046 Tityos,
457 2976 604 3046 Tantalus,
622 2982 767 3047 praeterea
785 2977 888 3030 Culicis
906 2977 1042 3045 exempla,
1061 2993 1133 3045 quae
1144 2976 1203 3030 illic
1215 2980 1311 3030 monte

136 3063 318 3118 describendo
336 3063 589 3133 interrumpuntur,
607 3069 692 3134 poeta
709 3066 820 3118 Aetnae
837 3062 946 3131 recipit,
968 3062 1017 3116 sed
1035 3063 1075 3116 ita
1093 3066 1199 3116 utnon
1218 3062 1311 3116 omnia

135 3150 231 3203 eadem
263 3149 368 3203 afferat.
415 3149 552 3204 Universa
579 3150 609 3203 in
636 3151 744 3204 duobus
771 3148 940 3203 carminibus
969 3149 1037 3202 haec
1063 3153 1188 3202 exstant:
1211 3147 1312 3202 Medea

136 3234 237 3302 (Culex
260 3237 397 3288 ara-250
422 3266 454 3274 -
476 3236 571 3290 Aetna
594 3237 667 3305 596),
690 3235 849 3289 Philomela
872 3235 1021 3304 (rol-253
1045 3267 1078 3274 —
1100 3236 1172 3304 587),
1197 3234 1312 3288 Cadmei

137 3319 338 3381 (004-157-
361 3322 401 3385 17,
424 3321 484 3388 20),
511 3320 580 3374 belli
597 3319 712 3374 Troiani
730 3321 827 3386 duces,
854 3320 973 3373 maxime
999 3320 1124 3374 Achilles
1152 3325 1180 3374 01
1202 3320 1312 3374 Hector

138 3401 286 3468 (eoo-330
303 3434 352 3439 —-
370 3405 528 3472 cao-594).
570 3405 652 3459 Certe
674 3406 704 3458 in
723 3409 781 3458 tam
798 3404 891 3473 parvis
913 3407 1048 3474 poematis
1066 3411 1179 3475 tamque
1197 3406 1312 3460 diversis

138 3485 221 3539 rebus
239 3486 308 3540 adeo
327 3488 397 3541 mira
416 3490 585 3557 conspiratio
604 3494 652 3557 est,
671 3495 704 3543 ut
722 3489 807 3560 digna
819 3490 957 3557 rideatur,
976 3509 1047 3559 quae
1064 3493 1311 3546 animadvertatur.

204 3571 230 3641 ,1)
250 3591 332 3641 quam
350 3574 380 3626 in
398 3574 511 3627 exercit.
529 3575 597 3643 phil.
616 3593 639 3628 a.
660 3577 753 3645 188819
770 3593 835 3630 sem.
854 3576 911 3629 hib.
929 3576 1057 3644 protulit.

208 3657 229 3722 8)
246 3659 276 3711 10
294 3657 349 3714 Rh.
367 3659 405 3713 M.
425 3660 493 3712 1890
511 3657 679 3730 (XXXXV)
697 3680 725 3730 p.
742 3663 794 3716 325
812 3663 847 3715 de
864 3665 926 3715 tota
943 3679 974 3715 re
990 3662 1059 3716 haec
1077 3664 1219 3733 exposuit:

240 3761 280 3798 vs.
297 3746 332 3798 20
350 3749 379 3799 et
396 3749 436 3812 tu,
455 3750 551 3799 sancta
565 3745 654 3814 Peles,
673 3747 709 3801 ad
728 3766 811 3816 quem
825 3753 944 3804 ventura
960 3754 1109 3802 recurrimt

348 3835 489 3902 agrestum
508 3833 581 3886 bona
600 3831 700 3900 fetura,
719 3834 756 3888 sit
773 3852 840 3889 cura
857 3835 979 3889 tenentis

347 3918 435 3972 aerios
452 3935 598 3974 nemorum
615 3920 715 3976 cultus.

206 4022 315 4091 Sequor
340 4021 427 4075 libros
447 4025 584 4089 vetustos,
611 4022 665 4076 nisi
690 4025 765 4092 quod
790 4026 941 4080 recurrerat
963 4054 998 4092 ex
1019 4019 1238 4086 Helmstadiemi
1264 4021 1313 4080 ad«

138 4109 250 4178 sumpsi,
268 4109 311 4162 illi
327 4107 457 4173 recurrit,
472 4107 569 4175 fetura
587 4125 622 4161 ex
639 4108 785 4177 Vossiano‚
803 4110 846 4163 illi
863 4126 968 4165 recuro.
1001 4101 1175 4162 ἀσύντακτον
1198 4109 1310 4178 quidem

138 4193 192 4247 hoe
210 4198 251 4247 est
269 4196 359 4262 σχῆμα
377 4195 404 4246 01
416 4194 447 4247 tu
459 4222 492 4232 -
503 4193 543 4248 at
559 4211 636 4261 cura,
655 4195 704 4249 sed
715 4196 807 4263 σχῆμα
825 4213 913 4263 eoque
923 4196 983 4265 ipso
995 4192 1215 4262 ποιητικώτερον
1228 4213 1311 4264 qnam

140 4278 167 4329 ct
185 4276 290 4333 1111111
307 4295 375 4334 cura
393 4283 442 4332 eut
459 4281 487 4333 01
504 4281 535 4334 tu
552 4296 637 4335 curce.
678 4279 775 4333 Palem
791 4284 876 4349 poeta
892 4281 1004 4336 invocat
1015 4282 1048 4332 ut
1060 4280 1225 4348 pastoriciae
1236 4281 1312 4337 vitae

1140 4369 1157 4419 3
