3294 5086
714 371 924 432 -40..-

317 536 408 623 Quae
431 540 536 606 omnia
564 539 644 604 siin
666 561 765 612 unum
788 538 1096 623 comprehendimus,
1125 540 1159 605 id
1187 541 1408 606 contendimus

233 651 275 715 ad
310 651 425 717 Culicis
458 653 606 716 carminis
635 653 725 716 certa
753 652 869 717 deado
898 655 1032 716 murima
1063 652 1209 718 Bemtiai
1235 660 1262 718 et
1298 653 1410 717 Gente-

233 762 393 848 bripiensis
424 770 522 847 utpote
553 766 738 848 optimorum
767 765 905 829 codicum
936 763 1072 828 subsidia
1110 786 1163 829 aec
1195 766 1257 828 aiei
1287 786 1410 829 samma

233 875 372 938 cautione
401 873 538 940 adhibita
573 873 715 940 Vossiaai
744 875 834 960 foede
863 877 1040 961 interpolati
1076 877 1231 940 raciliam
1263 877 1410 942 avosca

233 985 310 1050 ctam
334 1006 403 1050 esse.

322 1095 482 1182 Quoniam
504 1100 612 1165 adhuc
634 1100 767 1184 singulis
789 1100 868 1166 locis
887 1099 1028 1182 trutina,
1058 1105 1095 1164 ut
1118 1099 1164 1165 ita
1186 1101 1301 1183 dicam,
1332 1103 1410 1166 artis

235 1208 371 1282 criticae
385 1212 528 1293 pensatis
551 1212 592 1277 ad
614 1212 676 1278 hoo
698 1211 853 1276 iudicium
870 1212 1060 1278 Baehrensii
1083 1212 1259 1278 sententiae
1279 1236 1411 1297 prorsus

236 1324 429 1389 contrarium
458 1325 676 1406 pervenimus,
706 1344 790 1388 nuno
820 1325 847 1389 si
868 1326 974 1408 placet
1002 1324 1303 1408 circumspiciamus,
1335 1349 1412 1390 num

237 1435 321 1501 forte
343 1435 539 1500 extrinsecus
561 1458 666 1519 pauca
687 1441 878 1519 argumenta
900 1436 943 1501 ad
966 1435 1046 1501 illud
1068 1434 1262 1501 firmandum
1284 1457 1318 1502 se
1338 1436 1413 1502 offe-

236 1553 320 1624 rant,
343 1569 402 1612 nec
418 1552 527 1612 tamen
548 1546 583 1611 id
606 1531 833 1612 obliviscamur
856 1550 889 1611 in
911 1547 990 1613 locis
1012 1548 1090 1632 ipsis
1113 1569 1237 1612 omnem
1260 1550 1324 1613 vim
1345 1549 1407 1614 dis·

236 1659 414 1743 putationis
440 1660 594 1742 positam,
616 1664 723 1723 cetera
745 1680 819 1723 vero
846 1659 926 1724 nibil
947 1659 1008 1724 nisi
1029 1660 1170 1725 iucunda
1190 1682 1259 1726 esse
1280 1661 1411 1743 auxilia,

227 1792 321 1854 ’quae
342 1771 384 1837 ad
408 1769 650 1836 fiandamentum
672 1771 759 1836 omni
774 1793 812 1836 ex
830 1776 922 1854 parte
944 1770 1171 1836 stabiliendum
1193 1772 1309 1838 idonea
1329 1778 1411 1837 sunt.

237 1882 390 1948 Profecto
413 1883 478 1948 duo
499 1887 661 1948 momenta
684 1887 867 1967 suppetunt,
890 1883 1006 1965 quibus
1027 1883 1075 1947 illi
1097 1884 1164 1948 viro
1187 1885 1282 1951 docto
1305 1885 1414 1949 adver-

239 2001 346 2062 santes
370 1994 516 2078 multum,
539 1995 599 2058 nisi
620 1993 727 2076 fallor,
750 1994 949 2059 adiuvamur.

325 2111 354 2172 1.
377 2105 572 2173 Vossianum
594 2126 706 2170 revera
721 2104 813 2170 foede
827 2107 1058 2190 interpolatum
1075 2113 1107 2173 et
1121 2107 1279 2174 Bembino
1297 2107 1415 2174 Oanta·

239 2218 454 2301 brigiensique
472 2218 728 2302 postponendum
744 2239 812 2283 esse
826 2240 919 2283 nemo
934 2219 1027 2286 valde
1046 2221 1191 2296 miretur,
1207 2220 1233 2285 si
1255 2220 1294 2285 de
1309 2225 1416 2286 aetate

188 2383 192 2394 .
240 2330 385 2397 codicum
414 2330 618 2414 cogitaverit,
649 2329 740 2413 quae}
762 2352 886 2414 semper
914 2332 952 2413 ei,
980 2333 1036 2415 qui
1066 2332 1245 2414 complures
1275 2332 1417 2397 eiusdem

241 2444 404 2527 scriptoris
431 2463 618 2508 recensurus
648 2448 716 2524 est,
745 2443 882 2508 maxime
911 2443 1109 2527 respicienda
1138 2449 1203 2526 est,
1233 2465 1308 2509 nam
1337 2443 1418 2508 haec

242 2561 307 2622 stat
330 2555 497 2636 sententia,
527 2555 689 2638 adquam
719 2556 827 2619 omnia
847 2555 966 2620 iudicia
994 2556 1033 2621 de
1063 2556 1102 2620 iis
1126 2556 1316 2639 plerumque
1343 2556 1418 2621 diri-

232 2673 371 2751 guntur,
394 2671 441 2747 ut,
462 2687 525 2749 quo
545 2669 736 2733 vetustiores
758 2672 833 2732 sunt
853 2667 938 2750 libri,
962 2690 998 2733 eo
1022 2669 1173 2732 maiorem
1193 2670 1418 2733 auctoritatem

243 2801 281 2843 ao
302 2778 399 2843 fidem
420 2778 561 2844 habeant
583 2800 641 2843 nec
662 2779 723 2845 nisi
745 2779 926 2845 iustissimis
949 2779 1052 2845 causis
1081 2779 1120 2844 de
1142 2778 1203 2844 hac
1222 2780 1347 2845 ratione
1367 2778 1418 2844 de·

244 2889 355 2955 cedere
385 2888 491 2954 liceat.
542 2888 638 2954 Nunc
668 2911 741 2955 vero
771 2889 950 2958 Vossianus
980 2892 1021 2957 ab
1048 2891 1200 2984 ¹omnibus
1231 2912 1313 2956 saec.
1336 2888 1418 2971 XV,

244 3000 421 3066 Bembinus
442 3006 554 3066 contra
576 3022 658 3066 saec.
680 3001 748 3083 IX,
770 3001 1043 3086 Oantabrigiensis
1065 3025 1147 3069 saco.
1163 3001 1303 3067 X—XI
1326 3002 1419 3066 asari·

245 3113 375 3193 buntur,
398 3117 435 3176 ut
460 3112 494 3177 id
516 3113 604 3179 haud
626 3115 777 3196 exiguum
803 3116 957 3199 temporis
979 3116 1062 3180 inter
1085 3136 1138 3180 eos
1165 3114 1324 3180 interiecti
1350 3113 1419 3177 iuro

245 3245 303 3290 nos
319 3223 359 3289 de
373 3225 573 3306 praestantia
588 3224 749 3308 Vossiani,
765 3228 900 3292 recentis
918 3227 1002 3309 libri,
1022 3226 1171 3292 dubitare
1190 3231 1293 3310 cogat.
1331 3224 1420 3288 Fieri

246 3339 360 3405 saltem
382 3341 502 3420 potest,
533 3343 570 3402 ut
599 3359 638 3402 ex
666 3338 768 3404 altero
798 3340 963 3422 archetypi
993 3339 1177 3423 apographo
1207 3338 1338 3404 meliore
1367 3336 1420 3400 de-

246 3454 385 3533 scriptus
405 3448 531 3516 fidelius
553 3449 650 3516 verba
670 3457 785 3534 poetae
805 3451 938 3532 reddat,
968 3450 1024 3516 sed
1054 3450 1114 3515 hac
1135 3452 1167 3514 in
1196 3472 1231 3515 re
1257 3469 1421 3532 nunquam

247 3563 280 3628 id
311 3561 523 3645 praetermitti
556 3561 652 3626 debet
684 3583 793 3627 omnes
828 3562 943 3628 aetatis
975 3563 1157 3627 litterarum
1185 3560 1421 3626 renascentium

247 3675 371 3741 codices
390 3673 524 3756 vestigia
538 3673 794 3756 interpolationis
816 3680 928 3758 aperte
949 3674 1103 3758 praebere
1125 3674 1166 3739 ob
1189 3673 1285 3756 idque
1307 3673 1421 3756 ipsum,

249 3786 374 3853 etiamsi
402 3784 546 3868 singulae
577 3784 680 3852 bonae
709 3788 886 3869 scripturae
912 3786 1130 3868 inveniantur,
1162 3791 1270 3851 tamen
1298 3804 1423 3866 semper

249 3899 432 3965 cautissime
448 3896 644 3962 adhibendos
665 3918 741 3962 esse.
774 3896 861 3962 Nam
878 3903 914 3961 ut
928 3897 1099 3981 Byzantini
1115 3897 1159 3962 sic
1173 3896 1283 3963 Latini
1299 3895 1422 3962 scribae

249 4010 355 4075 medio
373 4031 450 4075 aevo
475 4014 609 4074 exeunte
630 4009 664 4073 id
687 4009 843 4093 imprimis
866 4015 1104 4093 spectaverunt,
1132 4014 1169 4073 ut
1195 4013 1336 4088 textum,
1366 4006 1422 4089 qui

255 4121 405 4188 facillime
429 4120 667 4204 intelligeretur,
693 4120 893 4204 praeberent,
915 4143 979 4186 non
1002 4128 1038 4187 ut
1059 4123 1092 4202 ii,
1113 4122 1168 4204 qui
1190 4126 1286 4186 antea
1306 4138 1422 4183 munus

251 4233 451 4302 describendi
483 4232 662 4314 subierant,
696 4232 793 4298 verba
821 4232 959 4299 fideliter
990 4235 1148 4299 sententia
1180 4253 1243 4298 non
1278 4235 1424 4315 respecta

252 4345 446 4411 exhiberent.
498 4344 538 4409 Id
569 4343 791 4428 pervulgatum
828 4350 876 4410 est
903 4344 1157 4428 aestimandique
1187 4349 1262 4410 sunt
1291 4365 1330 4408 ex
1361 4343 1424 4408 hac
