<?xml version="1.0" encoding="UTF-8"?>
<!DOCTYPE html PUBLIC "-//W3C//DTD XHTML 1.0 Transitional//EN"
    "http://www.w3.org/TR/xhtml1/DTD/xhtml1-transitional.dtd">
<html xmlns="http://www.w3.org/1999/xhtml" xml:lang="en" lang="en">
 <head>
  <title>
</title>
<meta http-equiv="Content-Type" content="text/html;charset=utf-8" />
  <meta name='ocr-system' content='tesseract 3.04.00' />
  <meta name='ocr-capabilities' content='ocr_page ocr_carea ocr_par ocr_line ocrx_word'/>
</head>
<body>
  <div class='ocr_page' id='page_1' title='image "./deculicispotiss00roehgoog_0014.png"; bbox 0 0 3294 5086; ppageno 0'>
   <div class='ocr_carea' id='block_1_1' title="bbox 749 345 942 405">
    <p class='ocr_par' dir='ltr' id='par_1_1' title="bbox 749 345 942 405">
     <span class='ocr_line' id='line_1_1' title="bbox 749 345 942 405; baseline -0.005 -17"><span class='ocrx_word' id='word_1_1' title='bbox 749 345 942 405; x_wconf 75' lang='lat'>..5-</span> 
     </span>
    </p>
   </div>
   <div class='ocr_carea' id='block_1_2' title="bbox 255 512 1433 819">
    <p class='ocr_par' dir='ltr' id='par_1_2' title="bbox 255 512 1433 819">
     <span class='ocr_line' id='line_1_2' title="bbox 255 512 1433 597; baseline 0.003 -21"><span class='ocrx_word' id='word_1_2' title='bbox 255 512 378 578; x_wconf 90' lang='lat' dir='ltr'><strong>ducunt</strong></span> <span class='ocrx_word' id='word_1_3' title='bbox 399 513 555 595; x_wconf 81' lang='lat' dir='ltr'><strong>origines3</strong></span> <span class='ocrx_word' id='word_1_4' title='bbox 577 514 729 597; x_wconf 89' lang='lat' dir='ltr'><strong>sequitur,</strong></span> <span class='ocrx_word' id='word_1_5' title='bbox 753 518 790 578; x_wconf 92' lang='lat' dir='ltr'><strong>ut</strong></span> <span class='ocrx_word' id='word_1_6' title='bbox 806 512 897 578; x_wconf 92' lang='lat' dir='ltr'><strong>-id</strong></span> <span class='ocrx_word' id='word_1_7' title='bbox 915 512 1002 596; x_wconf 90' lang='lat' dir='ltr'><strong>quod</strong></span> <span class='ocrx_word' id='word_1_8' title='bbox 1024 519 1133 578; x_wconf 83' lang='lat' dir='ltr'><strong>nostra</strong></span> <span class='ocrx_word' id='word_1_9' title='bbox 1153 516 1290 579; x_wconf 82' lang='lat' dir='ltr'>maxime</span> <span class='ocrx_word' id='word_1_10' title='bbox 1302 515 1433 579; x_wconf 83' lang='lat' dir='ltr'><strong>interest</strong></span> 
     </span>
     <span class='ocr_line' id='line_1_3' title="bbox 255 621 1429 710; baseline 0.003 -22"><span class='ocrx_word' id='word_1_11' title='bbox 255 663 299 673; x_wconf 93' lang='lat'><strong>—-</strong></span> <span class='ocrx_word' id='word_1_12' title='bbox 321 623 497 689; x_wconf 87' lang='lat' dir='ltr'><strong>Bembinus</strong></span> <span class='ocrx_word' id='word_1_13' title='bbox 523 629 556 688; x_wconf 90' lang='lat' dir='ltr'><strong>ct</strong></span> <span class='ocrx_word' id='word_1_14' title='bbox 580 621 852 707; x_wconf 82' lang='lat' dir='ltr'><strong>Oantabrigiensis</strong></span> <span class='ocrx_word' id='word_1_15' title='bbox 882 623 1046 707; x_wconf 81' lang='lat' dir='ltr'><strong>depravati</strong></span> <span class='ocrx_word' id='word_1_16' title='bbox 1073 631 1105 690; x_wconf 88' lang='lat' dir='ltr'><strong>et</strong></span> <span class='ocrx_word' id='word_1_17' title='bbox 1133 625 1317 710; x_wconf 89' lang='lat' dir='ltr'><strong>interpolati</strong></span> <span class='ocrx_word' id='word_1_18' title='bbox 1338 627 1429 691; x_wconf 87' lang='lat' dir='ltr'><strong>sint.“</strong></span> 
     </span>
     <span class='ocr_line' id='line_1_4' title="bbox 256 733 932 819; baseline -0.001 -18"><span class='ocrx_word' id='word_1_19' title='bbox 256 733 407 818; x_wconf 87' lang='lat' dir='ltr'><strong>Stemma,</strong></span> <span class='ocrx_word' id='word_1_20' title='bbox 430 741 467 800; x_wconf 92' lang='lat' dir='ltr'><strong>ut</strong></span> <span class='ocrx_word' id='word_1_21' title='bbox 486 735 634 818; x_wconf 83' lang='lat' dir='ltr'><strong>addatur,</strong></span> <span class='ocrx_word' id='word_1_22' title='bbox 656 735 717 801; x_wconf 93' lang='lat' dir='ltr'><strong>hoc</strong></span> <span class='ocrx_word' id='word_1_23' title='bbox 736 755 803 801; x_wconf 85' lang='lat' dir='ltr'><strong>esse</strong></span> <span class='ocrx_word' id='word_1_24' title='bbox 824 741 932 819; x_wconf 87' lang='lat' dir='ltr'><strong>putat:</strong></span> 
     </span>
    </p>
   </div>
   <div class='ocr_carea' id='block_1_3' title="bbox 758 907 932 976">
    <p class='ocr_par' dir='ltr' id='par_1_3' title="bbox 758 907 932 976">
     <span class='ocr_line' id='line_1_5' title="bbox 758 907 932 976; baseline 0 -16"><span class='ocrx_word' id='word_1_25' title='bbox 758 907 932 976; x_wconf 83' lang='lat' dir='ltr'><strong>archetypon</strong></span> 
     </span>
    </p>
   </div>
   <div class='ocr_carea' id='block_1_4' title="bbox 667 1007 1021 1218">
    <p class='ocr_par' dir='ltr' id='par_1_4' title="bbox 667 1007 1021 1218">
     <span class='ocr_line' id='line_1_6' title="bbox 667 1007 1021 1218; baseline -0.045 0"><span class='ocrx_word' id='word_1_26' title='bbox 667 1007 1021 1218; x_wconf 39' lang='lat' dir='ltr'><strong>s&amp;</strong></span> 
     </span>
    </p>
   </div>
   <div class='ocr_carea' id='block_1_5' title="bbox 552 1249 1136 1320">
    <p class='ocr_par' dir='ltr' id='par_1_5' title="bbox 552 1249 1136 1320">
     <span class='ocr_line' id='line_1_7' title="bbox 552 1249 1136 1320; baseline 0 -18"><span class='ocrx_word' id='word_1_27' title='bbox 552 1251 745 1320; x_wconf 79' lang='lat' dir='ltr'><strong>apographum</strong></span> <span class='ocrx_word' id='word_1_28' title='bbox 762 1268 781 1306; x_wconf 84' lang='lat' dir='ltr'><strong>a</strong></span> <span class='ocrx_word' id='word_1_29' title='bbox 910 1250 1103 1320; x_wconf 76' lang='lat' dir='ltr'><strong>apographum</strong></span> <span class='ocrx_word' id='word_1_30' title='bbox 1121 1249 1136 1302; x_wconf 85' lang='lat' dir='ltr'><strong><em>b</em></strong></span> 
     </span>
    </p>
   </div>
   <div class='ocr_carea' id='block_1_6' title="bbox 647 1575 1177 1646">
    <p class='ocr_par' dir='ltr' id='par_1_6' title="bbox 647 1575 1177 1646">
     <span class='ocr_line' id='line_1_8' title="bbox 647 1575 1177 1646; baseline -0.008 -14"><span class='ocrx_word' id='word_1_31' title='bbox 647 1575 670 1632; x_wconf 90' lang='lat' dir='ltr'><strong><em>V</em></strong></span> <span class='ocrx_word' id='word_1_32' title='bbox 857 1594 877 1631; x_wconf 79' lang='lat' dir='ltr'><strong>a</strong></span> <span class='ocrx_word' id='word_1_33' title='bbox 894 1595 946 1646; x_wconf 86' lang='lat' dir='ltr'><strong>per</strong></span> <span class='ocrx_word' id='word_1_34' title='bbox 963 1577 1055 1631; x_wconf 84' lang='lat' dir='ltr'><strong>varios</strong></span> <span class='ocrx_word' id='word_1_35' title='bbox 1073 1575 1177 1646; x_wconf 79' lang='lat' dir='ltr'><strong>gradus</strong></span> 
     </span>
    </p>
   </div>
   <div class='ocr_carea' id='block_1_7' title="bbox 907 1877 1134 2082">
    <p class='ocr_par' dir='ltr' id='par_1_7' title="bbox 907 1877 1134 2082">
     <span class='ocr_line' id='line_1_9' title="bbox 907 1877 1134 2082; baseline -0.018 0"><span class='ocrx_word' id='word_1_36' title='bbox 907 1877 1134 2082; x_wconf 49' lang='grc' dir='ltr'>Α</span> 
     </span>
    </p>
   </div>
   <div class='ocr_carea' id='block_1_8' title="bbox 1125 2107 1149 2162">
    <p class='ocr_par' dir='ltr' id='par_1_8' title="bbox 1125 2107 1149 2162">
     <span class='ocr_line' id='line_1_10' title="bbox 1125 2107 1149 2162; baseline 0 0"><span class='ocrx_word' id='word_1_37' title='bbox 1125 2107 1149 2162; x_wconf 82' lang='grc'><em>0</em></span> 
     </span>
    </p>
   </div>
   <div class='ocr_carea' id='block_1_9' title="bbox 164 2256 1432 2570">
    <p class='ocr_par' dir='ltr' id='par_1_9' title="bbox 164 2256 1432 2570">
     <span class='ocr_line' id='line_1_11' title="bbox 338 2256 1432 2345; baseline 0.003 -20"><span class='ocrx_word' id='word_1_38' title='bbox 338 2256 434 2342; x_wconf 78' lang='lat' dir='ltr'><strong>Quod</strong></span> <span class='ocrx_word' id='word_1_39' title='bbox 471 2284 544 2328; x_wconf 92' lang='lat' dir='ltr'><strong>cum</strong></span> <span class='ocrx_word' id='word_1_40' title='bbox 580 2264 628 2328; x_wconf 91' lang='lat' dir='ltr'><strong>ita</strong></span> <span class='ocrx_word' id='word_1_41' title='bbox 666 2266 724 2345; x_wconf 90' lang='lat' dir='ltr'><strong>sit,</strong></span> <span class='ocrx_word' id='word_1_42' title='bbox 761 2262 976 2330; x_wconf 88' lang='lat' dir='ltr'><strong>Baehrensius</strong></span> <span class='ocrx_word' id='word_1_43' title='bbox 1009 2265 1085 2328; x_wconf 80' lang='lat' dir='ltr'><strong>viris</strong></span> <span class='ocrx_word' id='word_1_44' title='bbox 1113 2263 1215 2329; x_wconf 88' lang='lat' dir='ltr'><strong>doctis</strong></span> <span class='ocrx_word' id='word_1_45' title='bbox 1246 2263 1432 2330; x_wconf 86' lang='lat' dir='ltr'><strong>adversatus</strong></span> 
     </span>
     <span class='ocr_line' id='line_1_12' title="bbox 252 2372 1432 2459; baseline 0.003 -23"><span class='ocrx_word' id='word_1_46' title='bbox 252 2372 413 2456; x_wconf 87' lang='lat' dir='ltr'><strong>duplicem</strong></span> <span class='ocrx_word' id='word_1_47' title='bbox 442 2375 592 2440; x_wconf 82' lang='lat' dir='ltr'><strong>virtutem</strong></span> <span class='ocrx_word' id='word_1_48' title='bbox 618 2373 777 2442; x_wconf 90' lang='lat' dir='ltr'><strong>Vossiano</strong></span> <span class='ocrx_word' id='word_1_49' title='bbox 806 2375 936 2457; x_wconf 77' lang='lat' dir='ltr'><strong>tribuit,</strong></span> <span class='ocrx_word' id='word_1_50' title='bbox 967 2380 999 2439; x_wconf 87' lang='lat' dir='ltr'><strong>et</strong></span> <span class='ocrx_word' id='word_1_51' title='bbox 1032 2375 1118 2457; x_wconf 88' lang='lat' dir='ltr'><strong>quod</strong></span> <span class='ocrx_word' id='word_1_52' title='bbox 1147 2374 1190 2440; x_wconf 90' lang='lat' dir='ltr'><strong>ad</strong></span> <span class='ocrx_word' id='word_1_53' title='bbox 1212 2375 1432 2459; x_wconf 84' lang='lat' dir='ltr'><strong>apographum</strong></span> 
     </span>
     <span class='ocr_line' id='line_1_13' title="bbox 164 2481 1432 2570; baseline 0.004 -23"><span class='ocrx_word' id='word_1_54' title='bbox 164 2499 166 2502; x_wconf 86' lang='grc'><strong><em>·</em></strong></span> <span class='ocrx_word' id='word_1_55' title='bbox 251 2481 434 2550; x_wconf 90' lang='lat' dir='ltr'><strong>fidelissime</strong></span> <span class='ocrx_word' id='word_1_56' title='bbox 466 2507 506 2550; x_wconf 87' lang='lat' dir='ltr'><strong>ex</strong></span> <span class='ocrx_word' id='word_1_57' title='bbox 534 2488 747 2552; x_wconf 87' lang='lat' dir='ltr'><strong>vetustissimo</strong></span> <span class='ocrx_word' id='word_1_58' title='bbox 776 2487 950 2570; x_wconf 84' lang='lat' dir='ltr'><strong>examplari</strong></span> <span class='ocrx_word' id='word_1_59' title='bbox 971 2489 1198 2570; x_wconf 89' lang='lat' dir='ltr'><strong>transcriptum</strong></span> <span class='ocrx_word' id='word_1_60' title='bbox 1225 2488 1370 2570; x_wconf 78' lang='lat' dir='ltr'><strong>recurrit,</strong></span> <span class='ocrx_word' id='word_1_61' title='bbox 1400 2494 1432 2552; x_wconf 94' lang='lat' dir='ltr'><strong>et</strong></span> 
     </span>
    </p>
   </div>
   <div class='ocr_carea' id='block_1_10' title="bbox 220 2595 1443 4248">
    <p class='ocr_par' dir='ltr' id='par_1_10' title="bbox 250 2595 1431 3560">
     <span class='ocr_line' id='line_1_14' title="bbox 252 2595 1431 2683; baseline 0.003 -23"><span class='ocrx_word' id='word_1_62' title='bbox 252 2595 338 2679; x_wconf 89' lang='lat' dir='ltr'><strong>quod</strong></span> <span class='ocrx_word' id='word_1_63' title='bbox 359 2616 432 2661; x_wconf 91' lang='lat' dir='ltr'><strong>curn</strong></span> <span class='ocrx_word' id='word_1_64' title='bbox 453 2603 601 2663; x_wconf 88' lang='lat' dir='ltr'><strong>accurate</strong></span> <span class='ocrx_word' id='word_1_65' title='bbox 624 2618 789 2681; x_wconf 85' lang='lat' dir='ltr'><strong>expressus</strong></span> <span class='ocrx_word' id='word_1_66' title='bbox 811 2600 853 2663; x_wconf 90' lang='lat' dir='ltr'><strong>sit</strong></span> <span class='ocrx_word' id='word_1_67' title='bbox 873 2600 1045 2664; x_wconf 86' lang='lat' dir='ltr'><strong>maximam</strong></span> <span class='ocrx_word' id='word_1_68' title='bbox 1066 2597 1162 2663; x_wconf 89' lang='lat' dir='ltr'><strong>fidem</strong></span> <span class='ocrx_word' id='word_1_69' title='bbox 1183 2597 1324 2682; x_wconf 89' lang='lat' dir='ltr'><strong>praebet,</strong></span> <span class='ocrx_word' id='word_1_70' title='bbox 1355 2602 1431 2683; x_wconf 89' lang='lat' dir='ltr'><strong>quia</strong></span> 
     </span>
     <span class='ocr_line' id='line_1_15' title="bbox 254 2708 1430 2793; baseline 0.003 -21"><span class='ocrx_word' id='word_1_71' title='bbox 254 2708 375 2793; x_wconf 81' lang='lat' dir='ltr'><strong>„¹)&#39;n0n</strong></span> <span class='ocrx_word' id='word_1_72' title='bbox 405 2715 492 2774; x_wconf 88' lang='lat' dir='ltr'><strong>caret</strong></span> <span class='ocrx_word' id='word_1_73' title='bbox 523 2709 654 2793; x_wconf 89' lang='lat' dir='ltr'><strong>quidem</strong></span> <span class='ocrx_word' id='word_1_74' title='bbox 683 2710 768 2774; x_wconf 84' lang='lat' dir='ltr'><strong>vitiis</strong></span> <span class='ocrx_word' id='word_1_75' title='bbox 800 2710 923 2774; x_wconf 90' lang='lat' dir='ltr'><strong>librarii</strong></span> <span class='ocrx_word' id='word_1_76' title='bbox 956 2711 1124 2775; x_wconf 85' lang='lat' dir='ltr'><strong>oscitantia</strong></span> <span class='ocrx_word' id='word_1_77' title='bbox 1151 2711 1341 2791; x_wconf 90' lang='lat' dir='ltr'><strong>commissis,</strong></span> <span class='ocrx_word' id='word_1_78' title='bbox 1375 2711 1430 2775; x_wconf 88' lang='lat' dir='ltr'><strong>sed</strong></span> 
     </span>
     <span class='ocr_line' id='line_1_16' title="bbox 251 2820 1430 2905; baseline 0.003 -20"><span class='ocrx_word' id='word_1_79' title='bbox 251 2820 331 2885; x_wconf 87' lang='lat' dir='ltr'><strong>nihil</strong></span> <span class='ocrx_word' id='word_1_80' title='bbox 353 2821 406 2886; x_wconf 91' lang='lat' dir='ltr'><strong>hic</strong></span> <span class='ocrx_word' id='word_1_81' title='bbox 427 2821 468 2886; x_wconf 91' lang='lat' dir='ltr'><strong>de</strong></span> <span class='ocrx_word' id='word_1_82' title='bbox 490 2843 547 2886; x_wconf 90' lang='lat' dir='ltr'><strong>suo</strong></span> <span class='ocrx_word' id='word_1_83' title='bbox 568 2824 705 2886; x_wconf 81' lang='lat' dir='ltr'><strong>mutavit</strong></span> <span class='ocrx_word' id='word_1_84' title='bbox 725 2822 990 2905; x_wconf 77' lang='lat' dir='ltr'><strong>interpolaritque</strong></span> <span class='ocrx_word' id='word_1_85' title='bbox 1003 2871 1010 2886; x_wconf 94' lang='lat'><strong>.</strong></span> <span class='ocrx_word' id='word_1_86' title='bbox 1024 2871 1032 2886; x_wconf 91' lang='lat'><strong>.</strong></span> <span class='ocrx_word' id='word_1_87' title='bbox 1045 2871 1052 2886; x_wconf 94' lang='lat'><strong>.</strong></span> <span class='ocrx_word' id='word_1_88' title='bbox 1067 2826 1094 2886; x_wconf 87' lang='lat'><strong>.“</strong></span> <span class='ocrx_word' id='word_1_89' title='bbox 1116 2843 1181 2905; x_wconf 87' lang='lat' dir='ltr'><strong>qua</strong></span> <span class='ocrx_word' id='word_1_90' title='bbox 1202 2820 1243 2885; x_wconf 89' lang='lat' dir='ltr'><strong>de</strong></span> <span class='ocrx_word' id='word_1_91' title='bbox 1258 2843 1353 2887; x_wconf 88' lang='lat' dir='ltr'><strong>causa</strong></span> <span class='ocrx_word' id='word_1_92' title='bbox 1377 2825 1430 2904; x_wconf 87' lang='lat' dir='ltr'><strong>,in</strong></span> 
     </span>
     <span class='ocr_line' id='line_1_17' title="bbox 252 2930 1430 3020; baseline 0.001 -21"><span class='ocrx_word' id='word_1_93' title='bbox 252 2930 363 2999; x_wconf 82' lang='lat' dir='ltr'><strong>Oulice</strong></span> <span class='ocrx_word' id='word_1_94' title='bbox 395 2932 442 3019; x_wconf 88' lang='lat' dir='ltr'><strong>(et</strong></span> <span class='ocrx_word' id='word_1_95' title='bbox 472 2932 577 3020; x_wconf 82' lang='lat' dir='ltr'><strong>Ospa)</strong></span> <span class='ocrx_word' id='word_1_96' title='bbox 607 2935 821 3017; x_wconf 87' lang='lat' dir='ltr'><strong>praestantiae</strong></span> <span class='ocrx_word' id='word_1_97' title='bbox 849 2940 916 2999; x_wconf 91' lang='lat' dir='ltr'><strong>tam</strong></span> <span class='ocrx_word' id='word_1_98' title='bbox 948 2934 1117 3018; x_wconf 87' lang='lat' dir='ltr'><strong>singularis</strong></span> <span class='ocrx_word' id='word_1_99' title='bbox 1147 2955 1317 3017; x_wconf 90' lang='lat' dir='ltr'><strong>omnesque</strong></span> <span class='ocrx_word' id='word_1_100' title='bbox 1351 2956 1430 3018; x_wconf 93' lang='lat' dir='ltr'><strong>quos</strong></span> 
     </span>
     <span class='ocr_line' id='line_1_18' title="bbox 251 3044 1430 3130; baseline 0.003 -22"><span class='ocrx_word' id='word_1_101' title='bbox 251 3044 448 3128; x_wconf 84' lang='lat' dir='ltr'><strong>possidemus</strong></span> <span class='ocrx_word' id='word_1_102' title='bbox 470 3045 593 3111; x_wconf 89' lang='lat' dir='ltr'><strong>codices</strong></span> <span class='ocrx_word' id='word_1_103' title='bbox 615 3049 793 3130; x_wconf 87' lang='lat' dir='ltr'><strong>superantis</strong></span> <span class='ocrx_word' id='word_1_104' title='bbox 813 3052 869 3128; x_wconf 89' lang='lat' dir='ltr'><strong>est,</strong></span> <span class='ocrx_word' id='word_1_105' title='bbox 892 3053 929 3111; x_wconf 92' lang='lat' dir='ltr'><strong>ut</strong></span> <span class='ocrx_word' id='word_1_106' title='bbox 950 3045 1030 3111; x_wconf 87' lang='lat' dir='ltr'><strong>haec</strong></span> <span class='ocrx_word' id='word_1_107' title='bbox 1052 3044 1204 3127; x_wconf 89' lang='lat' dir='ltr'><strong>opuscula</strong></span> <span class='ocrx_word' id='word_1_108' title='bbox 1225 3049 1430 3130; x_wconf 88' lang='lat' dir='ltr'><strong>nonpossint</strong></span> 
     </span>
     <span class='ocr_line' id='line_1_19' title="bbox 251 3156 1429 3241; baseline 0.002 -21"><span class='ocrx_word' id='word_1_109' title='bbox 251 3178 315 3221; x_wconf 92' lang='lat' dir='ltr'><strong>non</strong></span> <span class='ocrx_word' id='word_1_110' title='bbox 346 3162 473 3240; x_wconf 88' lang='lat' dir='ltr'><strong>sumpta</strong></span> <span class='ocrx_word' id='word_1_111' title='bbox 508 3179 575 3222; x_wconf 88' lang='lat' dir='ltr'><strong>esse</strong></span> <span class='ocrx_word' id='word_1_112' title='bbox 609 3179 648 3222; x_wconf 87' lang='lat' dir='ltr'><strong>ex</strong></span> <span class='ocrx_word' id='word_1_113' title='bbox 683 3159 811 3240; x_wconf 90' lang='lat' dir='ltr'><strong>egregio</strong></span> <span class='ocrx_word' id='word_1_114' title='bbox 848 3157 988 3241; x_wconf 87' lang='lat' dir='ltr'><strong>quodam</strong></span> <span class='ocrx_word' id='word_1_115' title='bbox 1024 3156 1278 3240; x_wconf 87' lang='lat' dir='ltr'><strong>reverendaeque</strong></span> <span class='ocrx_word' id='word_1_116' title='bbox 1314 3160 1429 3223; x_wconf 88' lang='lat' dir='ltr'><strong>aetatis</strong></span> 
     </span>
     <span class='ocr_line' id='line_1_20' title="bbox 250 3267 1429 3353; baseline 0.002 -21"><span class='ocrx_word' id='word_1_117' title='bbox 250 3267 353 3333; x_wconf 90' lang='lat' dir='ltr'><strong>libro.</strong></span> <span class='ocrx_word' id='word_1_118' title='bbox 367 3317 375 3333; x_wconf 91' lang='lat'><strong>.</strong></span> <span class='ocrx_word' id='word_1_119' title='bbox 389 3316 419 3332; x_wconf 90' lang='lat'><strong>..</strong></span> <span class='ocrx_word' id='word_1_120' title='bbox 452 3290 511 3352; x_wconf 88' lang='lat' dir='ltr'><strong>ego</strong></span> <span class='ocrx_word' id='word_1_121' title='bbox 537 3271 583 3335; x_wconf 90' lang='lat' dir='ltr'><strong>ita</strong></span> <span class='ocrx_word' id='word_1_122' title='bbox 610 3292 667 3353; x_wconf 89' lang='lat' dir='ltr'><strong>per</strong></span> <span class='ocrx_word' id='word_1_123' title='bbox 694 3270 801 3335; x_wconf 86' lang='lat' dir='ltr'><strong>omnia</strong></span> <span class='ocrx_word' id='word_1_124' title='bbox 827 3269 947 3334; x_wconf 89' lang='lat' dir='ltr'><strong>bonum</strong></span> <span class='ocrx_word' id='word_1_125' title='bbox 975 3268 1166 3352; x_wconf 89' lang='lat' dir='ltr'><strong>fidelemque</strong></span> <span class='ocrx_word' id='word_1_126' title='bbox 1194 3269 1279 3333; x_wconf 91' lang='lat' dir='ltr'><strong>hunc</strong></span> <span class='ocrx_word' id='word_1_127' title='bbox 1311 3270 1429 3334; x_wconf 90' lang='lat' dir='ltr'><strong>librum</strong></span> 
     </span>
     <span class='ocr_line' id='line_1_21' title="bbox 251 3381 1429 3464; baseline 0.001 -20"><span class='ocrx_word' id='word_1_128' title='bbox 251 3383 401 3463; x_wconf 81' lang='lat' dir='ltr'><strong>cognovi,</strong></span> <span class='ocrx_word' id='word_1_129' title='bbox 429 3387 466 3446; x_wconf 93' lang='lat' dir='ltr'><strong>ut</strong></span> <span class='ocrx_word' id='word_1_130' title='bbox 492 3382 526 3445; x_wconf 92' lang='lat' dir='ltr'><strong>in</strong></span> <span class='ocrx_word' id='word_1_131' title='bbox 556 3381 748 3446; x_wconf 90' lang='lat' dir='ltr'><strong>carminibus</strong></span> <span class='ocrx_word' id='word_1_132' title='bbox 769 3381 960 3463; x_wconf 87' lang='lat' dir='ltr'><strong>supradictis</strong></span> <span class='ocrx_word' id='word_1_133' title='bbox 987 3402 1044 3464; x_wconf 92' lang='lat' dir='ltr'><strong>pro</strong></span> <span class='ocrx_word' id='word_1_134' title='bbox 1067 3382 1217 3464; x_wconf 89' lang='lat' dir='ltr'><strong>primario</strong></span> <span class='ocrx_word' id='word_1_135' title='bbox 1239 3383 1429 3446; x_wconf 86' lang='lat' dir='ltr'><strong>recensionis</strong></span> 
     </span>
     <span class='ocr_line' id='line_1_22' title="bbox 251 3491 946 3560; baseline 0.001 -4"><span class='ocrx_word' id='word_1_136' title='bbox 251 3491 459 3559; x_wconf 87' lang='lat' dir='ltr'><strong>fundamento</strong></span> <span class='ocrx_word' id='word_1_137' title='bbox 479 3493 599 3560; x_wconf 86' lang='lat' dir='ltr'><strong>habere</strong></span> <span class='ocrx_word' id='word_1_138' title='bbox 619 3515 683 3558; x_wconf 92' lang='lat' dir='ltr'><strong>non</strong></span> <span class='ocrx_word' id='word_1_139' title='bbox 704 3492 946 3558; x_wconf 57' lang='lat' dir='ltr'><strong>dubitaverimr</strong></span> 
     </span>
    </p>

    <p class='ocr_par' dir='ltr' id='par_1_11' title="bbox 220 3604 1443 4248">
     <span class='ocr_line' id='line_1_23' title="bbox 232 3604 1429 3689; baseline 0.001 -20"><span class='ocrx_word' id='word_1_140' title='bbox 232 3683 234 3688; x_wconf 23' lang='grc' dir='ltr'>Ι</span> <span class='ocrx_word' id='word_1_141' title='bbox 335 3604 409 3669; x_wconf 87' lang='lat' dir='ltr'><strong>Iam</strong></span> <span class='ocrx_word' id='word_1_142' title='bbox 439 3626 512 3671; x_wconf 84' lang='lat' dir='ltr'><strong>vero</strong></span> <span class='ocrx_word' id='word_1_143' title='bbox 542 3605 628 3688; x_wconf 90' lang='lat' dir='ltr'><strong>quod</strong></span> <span class='ocrx_word' id='word_1_144' title='bbox 657 3607 833 3674; x_wconf 88' lang='lat' dir='ltr'><strong>Vossianus</strong></span> <span class='ocrx_word' id='word_1_145' title='bbox 862 3606 1108 3671; x_wconf 85' lang='lat' dir='ltr'><strong>vetustissimum</strong></span> <span class='ocrx_word' id='word_1_146' title='bbox 1133 3605 1295 3689; x_wconf 87' lang='lat' dir='ltr'><strong>exemplar</strong></span> <span class='ocrx_word' id='word_1_147' title='bbox 1320 3606 1429 3670; x_wconf 89' lang='lat' dir='ltr'><strong>multis</strong></span> 
     </span>
     <span class='ocr_line' id='line_1_24' title="bbox 220 3705 1429 3801; baseline 0.002 -22"><span class='ocrx_word' id='word_1_148' title='bbox 220 3705 221 3708; x_wconf 26' lang='lat'>¹</span> <span class='ocrx_word' id='word_1_149' title='bbox 251 3716 328 3780; x_wconf 92' lang='lat' dir='ltr'><strong>locis</strong></span> <span class='ocrx_word' id='word_1_150' title='bbox 346 3722 458 3800; x_wconf 85' lang='lat' dir='ltr'><strong>utpote</strong></span> <span class='ocrx_word' id='word_1_151' title='bbox 476 3720 509 3782; x_wconf 94' lang='lat' dir='ltr'><strong>in</strong></span> <span class='ocrx_word' id='word_1_152' title='bbox 531 3719 670 3782; x_wconf 89' lang='lat' dir='ltr'><strong>carmine</strong></span> <span class='ocrx_word' id='word_1_153' title='bbox 691 3717 861 3801; x_wconf 85' lang='lat' dir='ltr'><strong>diligenter</strong></span> <span class='ocrx_word' id='word_1_154' title='bbox 879 3718 1023 3782; x_wconf 89' lang='lat' dir='ltr'><strong>lectitato</strong></span> <span class='ocrx_word' id='word_1_155' title='bbox 1043 3717 1230 3782; x_wconf 90' lang='lat' dir='ltr'><strong>mendosum</strong></span> <span class='ocrx_word' id='word_1_156' title='bbox 1247 3716 1429 3782; x_wconf 88' lang='lat' dir='ltr'><strong>fidelissime</strong></span> 
     </span>
     <span class='ocr_line' id='line_1_25' title="bbox 250 3826 1427 3913; baseline 0.002 -22"><span class='ocrx_word' id='word_1_157' title='bbox 250 3826 366 3910; x_wconf 90' lang='lat' dir='ltr'><strong>reddit,</strong></span> <span class='ocrx_word' id='word_1_158' title='bbox 392 3828 426 3893; x_wconf 91' lang='lat' dir='ltr'><strong>id</strong></span> <span class='ocrx_word' id='word_1_159' title='bbox 446 3850 509 3913; x_wconf 92' lang='lat' dir='ltr'><strong>quo</strong></span> <span class='ocrx_word' id='word_1_160' title='bbox 532 3832 601 3895; x_wconf 88' lang='lat' dir='ltr'><strong>iure</strong></span> <span class='ocrx_word' id='word_1_161' title='bbox 622 3830 770 3895; x_wconf 87' lang='lat' dir='ltr'><strong>statuerit</strong></span> <span class='ocrx_word' id='word_1_162' title='bbox 792 3831 901 3912; x_wconf 87' lang='lat' dir='ltr'><strong>paucis</strong></span> <span class='ocrx_word' id='word_1_163' title='bbox 923 3832 1105 3894; x_wconf 87' lang='lat' dir='ltr'><strong>examinare</strong></span> <span class='ocrx_word' id='word_1_164' title='bbox 1126 3829 1210 3911; x_wconf 90' lang='lat' dir='ltr'><strong>licet,</strong></span> <span class='ocrx_word' id='word_1_165' title='bbox 1234 3850 1308 3893; x_wconf 91' lang='lat' dir='ltr'><strong>nam</strong></span> <span class='ocrx_word' id='word_1_166' title='bbox 1329 3828 1372 3893; x_wconf 92' lang='lat' dir='ltr'><strong>ad</strong></span> <span class='ocrx_word' id='word_1_167' title='bbox 1393 3829 1427 3893; x_wconf 89' lang='lat' dir='ltr'><strong>id</strong></span> 
     </span>
     <span class='ocr_line' id='line_1_26' title="bbox 250 3925 1443 4024; baseline 0.003 -21"><span class='ocrx_word' id='word_1_168' title='bbox 250 3941 314 4004; x_wconf 89' lang='lat' dir='ltr'><strong>iam</strong></span> <span class='ocrx_word' id='word_1_169' title='bbox 336 3925 454 4006; x_wconf 84' lang='lat' dir='ltr'><strong>sufficit</strong></span> <span class='ocrx_word' id='word_1_170' title='bbox 475 3939 669 4007; x_wconf 88' lang='lat' dir='ltr'><strong>Vossianum</strong></span> <span class='ocrx_word' id='word_1_171' title='bbox 688 3962 761 4006; x_wconf 92' lang='lat' dir='ltr'><strong>cum</strong></span> <span class='ocrx_word' id='word_1_172' title='bbox 774 3940 930 4007; x_wconf 92' lang='lat' dir='ltr'><strong>Bembino</strong></span> <span class='ocrx_word' id='word_1_173' title='bbox 948 3947 980 4007; x_wconf 89' lang='lat' dir='ltr'><strong>et</strong></span> <span class='ocrx_word' id='word_1_174' title='bbox 995 3940 1253 4024; x_wconf 77' lang='lat' dir='ltr'><strong>Cantabrigiensi</strong></span> <span class='ocrx_word' id='word_1_175' title='bbox 1275 3927 1443 4024; x_wconf 82' lang='lat' dir='ltr'><strong>conferre,</strong></span> 
     </span>
     <span class='ocr_line' id='line_1_27' title="bbox 250 4050 1427 4134; baseline 0.003 -18"><span class='ocrx_word' id='word_1_176' title='bbox 250 4050 386 4134; x_wconf 89' lang='lat' dir='ltr'><strong>quodsi</strong></span> <span class='ocrx_word' id='word_1_177' title='bbox 411 4050 576 4133; x_wconf 86' lang='lat' dir='ltr'><strong>fecerimus</strong></span> <span class='ocrx_word' id='word_1_178' title='bbox 598 4054 792 4118; x_wconf 89' lang='lat' dir='ltr'><strong>inveniemus</strong></span> <span class='ocrx_word' id='word_1_179' title='bbox 820 4053 861 4119; x_wconf 90' lang='lat' dir='ltr'><strong>ab</strong></span> <span class='ocrx_word' id='word_1_180' title='bbox 887 4053 943 4118; x_wconf 92' lang='lat' dir='ltr'><strong>illo</strong></span> <span class='ocrx_word' id='word_1_181' title='bbox 973 4074 1101 4118; x_wconf 86' lang='lat' dir='ltr'><strong>carmen</strong></span> <span class='ocrx_word' id='word_1_182' title='bbox 1127 4051 1220 4118; x_wconf 82' lang='lat' dir='ltr'><strong>ualde</strong></span> <span class='ocrx_word' id='word_1_183' title='bbox 1245 4056 1427 4119; x_wconf 89' lang='lat' dir='ltr'><strong>inaccurate</strong></span> 
     </span>
     <span class='ocr_line' id='line_1_28' title="bbox 249 4162 677 4248; baseline 0.005 -20"><span class='ocrx_word' id='word_1_184' title='bbox 249 4162 404 4229; x_wconf 88' lang='lat' dir='ltr'><strong>traditum</strong></span> <span class='ocrx_word' id='word_1_185' title='bbox 426 4183 502 4247; x_wconf 89' lang='lat' dir='ltr'><strong>esse,</strong></span> <span class='ocrx_word' id='word_1_186' title='bbox 525 4166 677 4248; x_wconf 88' lang='lat' dir='ltr'><strong>quoniam</strong></span> 
     </span>
    </p>
   </div>
   <div class='ocr_carea' id='block_1_11' title="bbox 320 4333 760 4406">
    <p class='ocr_par' dir='ltr' id='par_1_12' title="bbox 320 4333 760 4406">
     <span class='ocr_line' id='line_1_29' title="bbox 320 4333 760 4406; baseline -0.002 -17"><span class='ocrx_word' id='word_1_187' title='bbox 320 4334 342 4404; x_wconf 76' lang='grc' dir='ltr'><strong>ι)</strong></span> <span class='ocrx_word' id='word_1_188' title='bbox 360 4333 546 4390; x_wconf 78' lang='lat' dir='ltr'><strong>Baehrensius</strong></span> <span class='ocrx_word' id='word_1_189' title='bbox 563 4335 582 4390; x_wconf 90' lang='lat'><strong>1.</strong></span> <span class='ocrx_word' id='word_1_190' title='bbox 600 4335 619 4390; x_wconf 91' lang='lat'><strong>1.</strong></span> <span class='ocrx_word' id='word_1_191' title='bbox 637 4353 665 4406; x_wconf 90' lang='lat' dir='ltr'><strong>p.</strong></span> <span class='ocrx_word' id='word_1_192' title='bbox 683 4337 760 4390; x_wconf 85' lang='grc'><strong>8-9.</strong></span> 
     </span>
    </p>
   </div>
   <div class='ocr_carea' id='block_1_12' title="bbox 0 0 1652 5086">
    <p class='ocr_par' dir='ltr' id='par_1_13' title="bbox 0 0 1652 5086">
     <span class='ocr_line' id='line_1_30' title="bbox 0 0 1652 5086; baseline 0 3"><span class='ocrx_word' id='word_1_193' title='bbox 0 0 1652 5086; x_wconf 95' lang='lat' dir='ltr'><strong> </strong></span> 
     </span>
    </p>
   </div>
  </div>
 </body>
</html>
