3294 5086
311 1756 413 1824 Oulex
435 1781 579 1841 carmen,
610 1759 698 1842 quod
720 1759 845 1824 codices
867 1759 1003 1842 Vergilii
1031 1758 1185 1824 iuvenalis
1207 1759 1277 1824 ludi
1298 1758 1399 1824 libelli

225 1870 362 1953 primum
384 1869 546 1952 exhibent,
569 1871 635 1935 iam
656 1870 711 1934 diu
725 1869 868 1935 virorum
888 1870 1056 1935 dootomm
1075 1872 1197 1936 animos
1214 1891 1276 1935 non
1295 1869 1399 1934 solum

224 1987 354 2066 propter
372 1981 557 2064 ambiguam
580 1982 743 2064 originem,
767 1983 824 2048 sed
845 1982 943 2048 etiam
966 1988 1098 2066 propter
1119 1983 1242 2048 codices
1263 1986 1399 2045 textum-

223 2114 286 2176 que
307 2092 543 2158 restituendum
562 2114 753 2176 magnopere
775 2095 947 2158 commovit
968 2115 1027 2166 nec
1043 2115 1241 2159 commovere
1263 2093 1398 2158 desinet.

221 2203 309 2268 Nam
332 2227 406 2270 oum
427 2227 447 2270 a
471 2205 581 2269 multis
603 2203 826 2288 veteribusque
845 2205 981 2271 testibus
1011 2212 1047 2271 ut
1074 2206 1216 2289 Donato,
1240 2205 1399 2289 quemad

222 2314 412 2382 Suetonium
433 2317 539 2383 redire
557 2315 761 2400 exploratum
783 2322 842 2397 est,
860 2317 894 2382 in
915 2319 991 2382 vitis
1015 2323 1047 2382 et
1062 2317 1200 2400 Vergilii
1217 2323 1249 2382 et
1263 2315 1399 2399 Lucani,

222 2426 332 2493 Servio
361 2431 394 2493 in
416 2427 649 2512 prolegomenis
673 2427 715 2492 ad
736 2427 894 2510 Aeneida,
926 2427 1031 2494 Statio
1057 2429 1091 2494 in
1111 2429 1212 2513 praef.
1233 2428 1302 2493 silv.
1325 2427 1345 2491 I
1367 2433 1400 2492 et

220 2541 254 2604 in
278 2540 347 2605 silv.
369 2540 498 2626 Irrue,
521 2537 666 2604 Martiali
686 2539 884 2626 V1115q19
911 2546 943 2605 et
963 2539 1143 2621 XIV185,
1178 2540 1285 2604 Nonio
1314 2560 1339 2604 s.
1369 2561 1398 2603 v.

100 2713 102 2716 .
224 2653 411 2732 „labrusoa“
436 2651 539 2718 Culex
561 2649 725 2734 quoddam
742 2673 871 2716 carmen
893 2673 913 2716 a
933 2650 1077 2734 Vergilio
1095 2652 1308 2735 compositum
1330 2671 1399 2716 esse

90 2786 92 2790 ·
222 2765 397 2828 memoriae
425 2763 588 2847 proditum
616 2764 674 2844 sit,
706 2763 739 2827 id
768 2763 888 2846 ipsum,
917 2764 1003 2846 quod
1034 2784 1091 2828 nos
1121 2763 1213 2828 libris
1241 2763 1398 2828 traditum

220 2873 387 2954 habemus,
412 2874 504 2939 multi
525 2875 718 2940 recentiores
743 2879 780 2939 ut
802 2874 957 2957 Naekius,
980 2873 1171 2956 Teuffelius,
1200 2875 1397 2940 Ribbeckius

220 2984 348 3050 Maroni
377 2988 590 3071 ascripserunt
618 3008 692 3068 nec,
731 2987 878 3078 quamvis
910 3005 1023 3070 graves
1060 2988 1254 3071 suspiciones
1291 2991 1398 3050 motae

220 3097 294 3179 sint,
312 3098 352 3163 de
369 3098 429 3164 hac
444 3100 566 3182 origine
580 3099 819 3180 dubitaverunt,
839 3098 895 3163 sed
912 3097 1056 3181 plerique
1075 3121 1094 3163 a
1110 3097 1287 3164 clarissimo
1302 3102 1398 3180 poeta

220 3208 484 3276 abiudicaverunt
504 3213 690 3293 incertoque
713 3210 842 3275 cuidam
868 3209 1085 3278 obtruserunt.
1130 3211 1176 3275 Et
1199 3229 1398 3293 quamquam

219 3321 301 3386 hanc
322 3323 540 3405 quaestionem
560 3323 655 3405 plane
672 3321 718 3386 ita
733 3322 907 3403 absolvere,
930 3328 967 3387 ut
989 3321 1135 3386 omnibus
1154 3320 1397 3405 persuadeatur,

222 3431 349 3499 difficile
371 3440 428 3516 est,
454 3441 564 3499 tamen
591 3433 634 3515 id,
665 3433 753 3515 quod
782 3433 1044 3499 verisimillimum
1074 3454 1143 3498 esse
1168 3439 1258 3516 puto,
1287 3432 1399 3516 paucis

222 3545 449 3627 proponerem
470 3546 576 3610 animo
599 3545 719 3610 habeo:
743 3543 848 3611 Culex
868 3567 1007 3628 carmen,
1031 3551 1068 3610 ut
1088 3551 1211 3611 veteres
1226 3550 1396 3627 testantur,

220 3655 407 3740 aVergilio
430 3657 595 3723 conditum
623 3663 685 3740 est,
715 3657 772 3721 sed
799 3657 841 3722 ad
870 3679 927 3745 nos
957 3657 1116 3723 nescimus
1141 3679 1205 3741 quo
1236 3679 1312 3723 casu
1333 3678 1397 3721 non

217 3769 362 3850 pervenit
384 3773 417 3832 et
439 3767 490 3849 id,
520 3768 616 3850 quod
630 3790 714 3836 nuno
735 3768 768 3832 in
790 3768 882 3834 libris
905 3775 1021 3851 exstat,
1054 3777 1168 3853 poetae
1196 3769 1397 3853 suppositum

218 3879 286 3942 eius
309 3879 437 3944 nomine
463 3881 622 3946 immerito
645 3881 874 3948 circumfertur.
919 3882 1005 3948 Utut
1026 3889 1135 3947 autem
1156 3903 1207 3946 res
1231 3880 1395 3962 sehabet,

218 4012 347 4056 carmen
368 3992 464 4058 etiam
487 3992 589 4057 altera
610 3991 727 4058 iliade
749 4015 847 4059 causa
869 4015 932 4059 non
955 3995 1060 4059 minus
1083 3995 1215 4078 dignum
1239 4000 1286 4059 est
1309 3993 1396 4076 quod

217 4109 442 4186 pertractetur,
465 4126 539 4168 cum
558 4104 647 4168 haud
667 4104 767 4188 probe
787 4105 944 4170 traditum
966 4107 1008 4171 sit
1030 4105 1242 4189 plurimisque
1262 4103 1296 4168 in
1317 4102 1396 4167 locis

217 4214 365 4295 studium¹
395 4221 428 4279 et
448 4237 586 4299 ,acumen
620 4218 686 4299 sive
716 4211 900 4301 interpretis
930 4217 996 4282 sive
1024 4217 1238 4282 emendatoris
1261 4215 1395 4298 flagitet.

216 4325 347 4391 Etenim
370 4349 521 4411 magnum
552 4349 632 4412 opus
655 4334 704 4394 est
725 4334 823 4412 atque
844 4329 983 4394 arduum
1013 4330 1110 4395 verba
1139 4327 1261 4394 tradita
1293 4328 1396 4410 specie
1441 4326 1444 4332 ’

1228 4433 1242 4485 1
