3294 5086
742 290 956 351 -34-

342 452 440 519 Nunc
468 458 504 518 ut
526 454 568 520 ad
590 456 789 538 propositum
808 463 1015 541 revertamur,
1044 459 1201 541 scriptura
1217 458 1334 542 fetura,
1364 482 1438 526 cum

259 584 355 630 sensu
376 570 443 631 tam
465 564 555 630 firme
575 568 699 631 munita
721 568 772 650 sit,
796 569 848 632 vix
869 575 906 634 ut
931 569 970 634 de
989 571 1185 652 proprietate
1205 571 1272 634 cius
1293 571 1438 638 dubitari

257 676 368 758 possit,
389 675 522 743 forsitan
547 678 617 743 iure
639 699 659 743 a
680 678 832 747 Vossiani
856 679 1036 748 fautoribus
1054 681 1212 746 obiciatur
1242 682 1333 748 nobis
1355 686 1438 750 iudi-

260 788 346 852 cium
373 788 412 855 de
444 790 513 854 eius
532 793 725 874 praestantia
746 793 903 878 singulari
925 791 1204 877 labefactantibus,
1228 795 1284 859 sed
1307 817 1347 860 ne
1370 819 1441 862 eam

258 899 389 996 quidem
403 901 489 966 adid
506 903 584 967 satis
599 902 746 968 idoneam
764 924 832 969 esse
846 904 896 969 vel
913 904 987 969 inde
1005 905 1203 988 intelligitur,
1223 907 1311 989 quod
1329 909 1439 992 setara

260 1017 292 1077 et
312 1033 420 1078 securo
440 1012 555 1079 litteris
577 1034 640 1078 non
661 1015 798 1079 multum
820 1015 951 1082 distant.

343 1123 464 1209 Aptior
491 1129 539 1190 est
567 1125 649 1191 alter
678 1124 783 1209 locus,
815 1127 855 1192 do
885 1148 949 1210 quo
979 1127 1157 1211 quidquam
1188 1129 1267 1194 certi
1297 1135 1437 1196 statuero

259 1257 379 1302 vereor.
425 1236 509 1304 Sunt
531 1258 575 1302 vs.
598 1241 766 1302 148-149

386 1365 435 1431 his
457 1366 589 1432 suberat
610 1366 722 1449 gelidis
745 1387 880 1432 manans
902 1388 920 1432 e
939 1366 1082 1433 fontibus
1104 1368 1193 1433 unda

388 1497 471 1558 quae
492 1478 615 1543 levibus
637 1477 799 1560 placidum
820 1479 896 1543 rivis
919 1484 1011 1543 sonat
1030 1485 1100 1544 orta
1122 1477 1288 1561 liquorem.

261 1605 438 1671 secundum
460 1606 653 1672 Bembiuum
676 1613 708 1671 et
726 1605 1031 1690 Cantabrigiensem,
1054 1595 1247 1690 quibuscum
1261 1606 1437 1675 Vossianus

261 1719 417 1782 consent't
450 1739 516 1782 uno
550 1718 774 1783 tantummodo
808 1719 963 1784 vocabulo
996 1725 1127 1801 excepto
1161 1726 1231 1783 acta
1265 1739 1324 1802 pro
1359 1726 1437 1784 orta.

261 1825 417 1894 Lectione
459 1830 608 1914 liquorem
653 1829 770 1894 reiecta
812 1829 977 1913 Hauptius
1026 1831 1182 1915 liquorem
1226 1831 1360 1896 coniecit
1407 1837 1441 1896 et

260 1939 439 2006 Ribbeckio
460 1939 721 2023 Baehrensioque
743 1941 790 2005 ita
812 1940 979 2023 satisfecit,
1003 1947 1039 2006 ut
1061 1940 1199 2007 libenter
1230 1964 1302 2008 eum
1332 1963 1442 2024 seque-

260 2057 382 2117 rentur.
428 2051 520 2134 Quae
549 2052 729 2118 emendatio
759 2072 957 2134 quamquam
986 2074 1050 2117 non
1079 2051 1219 2118 violenta
1242 2059 1299 2135 est,
1329 2059 1439 2118 tamen

260 2184 311 2228 me
346 2163 476 2245 quidem
514 2163 620 2228 iudice
659 2162 699 2228 de
740 2162 833 2228 huius
873 2168 987 2248 poetae
1026 2185 1139 2247 genere
1181 2165 1306 2231 dicendi
1348 2165 1443 2230 nimis

261 2274 398 2340 fidenter
419 2274 650 2356 iudicaverunt,
673 2280 711 2338 nt
729 2273 889 2358 placellam
917 2275 1075 2358 liquorum
1095 2296 1205 2340 sonora
1228 2275 1270 2340 ab
1293 2277 1361 2340 eius
1391 2276 1440 2339 in-

261 2387 354 2470 genio
386 2385 528 2452 alienum
561 2391 722 2469 putarent.
778 2383 1026 2451 Concedendum
1063 2406 1136 2450 vero
1167 2392 1216 2452 est
1242 2385 1440 2452 simillimam

262 2498 434 2564 dictionem
456 2520 519 2564 non
540 2498 685 2579 inveniri,
707 2498 763 2564 sed
786 2497 1023 2580 quodammodo
1040 2496 1178 2562 conferri
1193 2504 1328 2580 possunt
1343 2497 1442 2563 haee:

262 2609 348 2674 mala
379 2609 462 2675 dura
490 2610 567 2674 belli
598 2630 728 2689 sonare;
760 2631 821 2674 vox
849 2609 1009 2674 hominem
1039 2614 1148 2689 sonat3
1178 2630 1265 2691 aera,
1291 2610 1442 2675 aureolos

263 2740 394 2801 sonere,
429 2741 576 2803 crepare;
609 2720 760 2786 Manibus
792 2720 915 2785 faustos
947 2727 998 2784 ter
1030 2740 1162 2802 crepare
1193 2741 1287 2785 sonos
1319 2721 1445 2788 Musae.

263 2829 437 2896 Difficilius
453 2831 650 2913 disceptatur
664 2831 703 2896 de
717 2831 850 2914 reliquis
867 2831 971 2896 verbis
989 2831 1100 2895 levitate
1121 2834 1195 2896 rivis
1215 2840 1283 2896 orta
1304 2833 1442 2914 tuendis,

264 2962 338 3006 cnm
368 2940 546 3009 Vossianus
575 2948 643 3005 acta
669 2939 832 3023 praebeat.
875 2943 1090 3008 Abundantia
1118 2948 1204 3008 certe
1233 2944 1266 3008 in
1296 2943 1355 3011 tali
1378 2945 1440 3009 elo·

264 3054 409 3135 cutione,
438 3053 542 3136 qualis
573 3073 593 3116 a
622 3052 712 3117 libris
740 3053 874 3117 vetustis
902 3051 1087 3134 exhibetur,
1118 3053 1217 3134 inest,
1245 3056 1301 3119 sed
1328 3076 1365 3120 ea
1392 3059 1439 3118 est

264 3164 406 3246 ubertas,
430 3187 514 3248 quae
536 3185 598 3229 non
622 3169 690 3229 tam
711 3164 864 3247 languida
886 3163 1013 3228 videtur
1036 3185 1133 3246 quam
1162 3165 1307 3247 plerique
1330 3166 1442 3229 docue-

264 3281 356 3357 runt;
390 3297 464 3341 nam
498 3276 621 3359 aliquid
656 3276 745 3357 novi,
781 3276 843 3340 nisi
874 3275 986 3357 fallor,
1021 3275 1152 3340 additur
1180 3275 1277 3357 idque
1303 3277 1345 3342 ad
1375 3295 1442 3339 rem

266 3387 447 3452 distinctius
469 3385 797 3470 comprehendendam
817 3387 905 3452 haud
927 3382 1010 3452 male
1031 3385 1196 3450 idoneum:
1221 3388 1307 3452 unda
1328 3386 1444 3469 gelidis
1505 3399 1508 3408 ’

265 3521 283 3565 e
305 3499 447 3565 fontibus
468 3504 588 3581 manat,
611 3519 670 3581 per
691 3498 832 3563 diversos
853 3500 937 3564 rivos
952 3499 1036 3563 leves
1051 3497 1072 3561 i.
1089 3519 1116 3562 e.
1139 3498 1233 3581 rivos,
1256 3501 1312 3582 qui
1332 3498 1445 3563 leviter

267 3757 380 3824 eiusque
399 3772 483 3824 quam
501 3755 611 3809 inducit
629 3771 743 3809 scaenae
760 3754 923 3823 praesidem,
943 3753 1063 3807 feturam
1085 3755 1223 3806 memorat
1244 3754 1276 3803 ut
1298 3749 1444 3818 proprium

266 3842 443 3912 primumque
461 3859 560 3894 munus
583 3841 658 3908 deae,
677 3842 755 3895 cuius
773 3841 855 3894 ferias
874 3840 958 3893 etiam
977 3837 1054 3892 fuere
1078 3839 1126 3905 qui
1144 3854 1160 3890 a
1181 3836 1316 3906 pariendo
1339 3834 1441 3888 Parilia

266 3927 402 3998 appellari
419 3920 620 3997 praeciperent,
639 3943 702 3979 cum
720 3926 847 3996 genuisse
858 3925 958 3994 primo,
976 3924 1079 3977 tamin
1091 3923 1218 3977 futurum
1235 3921 1352 3991 gignere
1364 3919 1443 3974 delun¹

266 4013 406 4084 signifieat
422 4013 497 4068 bona
514 4013 681 4067 rusticorum
700 4010 747 4079 (cf.
766 4011 818 4064 680
835 4011 909 4064 bona
926 4010 1066 4079 pastoris),
1092 4026 1238 4062 nemorum
1262 4006 1354 4060 cultus
1372 4021 1445 4059 nore

266 4103 295 4154 et
312 4099 446 4153 audacter
464 4099 568 4165 scribit,
594 4099 660 4166 quia
684 4098 740 4150 iam
758 4097 858 4151 tritum
876 4101 936 4150 erat
955 4095 1045 4150 cultor
1068 4111 1212 4150 aemorum
1234 4094 1342 4163 (georg.
1360 4091 1445 4159 114),

267 4185 349 4239 culex
367 4189 461 4239 autem
477 4185 584 4254 pastori
602 4203 628 4239 v.
642 4185 692 4237 381
713 4187 744 4238 ta
762 4183 824 4249 cole,
847 4183 948 4251 inquit,
969 4197 1114 4236 aemorum
1132 4181 1230 4246 aleas,
1253 4179 1307 4232 hae
1331 4176 1447 4246 quidem

266 4269 392 4326 novitate
409 4271 539 4326 vocabuli
557 4287 681 4340 egressus
700 4268 784 4324 etiam
803 4267 897 4323 Ovidii
916 4267 1064 4337 Gratiique
1083 4268 1210 4322 conata·l
