3294 5086
712 380 921 440 -27-

224 547 425 629 conveniunt,
455 552 493 612 ut
525 547 592 613 sine
622 548 721 614 dubio
748 553 864 632 poetae
893 548 1115 615 obtrudendae
1148 548 1221 631 sint,
1251 547 1408 615 recentior

223 667 332 727 autem
352 680 416 742 eas,
435 680 518 742 quae
537 666 595 725 aut
613 667 650 726 ut
667 662 700 724 in
720 661 834 726 ceteris
852 660 944 726 libris
966 683 1085 744 pravae
1104 667 1212 727 tamen
1235 683 1255 727 a
1277 659 1407 746 propria

225 773 328 837 forma
344 771 416 855 plus
431 771 586 836 recedunt
602 777 659 837 aut
673 778 783 855 aperte
802 772 1058 856 interpolationis
1073 775 1208 858 vestigia
1221 772 1406 838 ostendunt.

311 881 408 967 Quod
442 903 541 964 quam
578 903 651 949 vere
682 883 861 949 iudicatum
893 883 952 966 sit,
989 890 1022 950 et
1055 885 1299 966 miainsequenti
1337 885 1407 949 loco

227 994 391 1060 luculente
411 994 660 1061 demonstratur.
705 996 829 1065 Versus
854 999 1022 1061 191-192
1045 1019 1065 1062 a
1086 996 1245 1062 Bembino
1270 1001 1302 1060 et
1325 993 1408 1062 Oan-

227 1105 418 1189 tabrigiensi
442 1107 487 1172 sic
508 1107 684 1172 traduntur

356 1211 492 1302 impiger
515 1218 680 1284 exanimus
702 1218 756 1282 vix
778 1241 906 1303 compos
927 1224 1034 1284 mente
1055 1219 1189 1303 refugit.

359 1333 391 1392 et
413 1329 556 1394 validum
579 1331 693 1396 dextra
712 1325 862 1398 truncum
885 1330 1027 1397 detraxit
1045 1329 1088 1395 ab
1105 1350 1195 1395 orno.

230 1460 304 1504 cum
327 1438 505 1507 Vossianus
527 1441 678 1509 exhibeat
700 1446 861 1526 exanimis,
884 1443 1028 1528 resurgit,
1057 1441 1171 1506 calido.
1216 1440 1264 1506 Ut
1287 1441 1328 1506 de
1347 1440 1409 1505 dis·

230 1554 395 1634 crepantia
429 1557 757 1620 exanimas-exanimis
786 1577 849 1620 non
879 1554 1000 1636 dicam,
1030 1553 1114 1618 duae
1144 1557 1267 1617 ceterae
1298 1557 1410 1617 tantae

229 1669 315 1745 sunt,
346 1670 392 1746 ut,
425 1667 551 1732 etiamsi
582 1666 708 1732 nullum
741 1666 969 1732 documentum
995 1665 1037 1730 ad
1067 1670 1213 1729 nostram
1242 1685 1314 1729 rem
1337 1685 1408 1747 sup-

228 1775 421 1859 peditarent,
437 1783 545 1842 tamen
560 1779 667 1846 omitti
682 1799 746 1843 non
765 1778 928 1860 deberent,
952 1777 1008 1842 sed
1023 1799 1096 1842 oum
1112 1776 1161 1842 vel
1178 1775 1271 1840 exiis
1287 1774 1409 1857 aliquid

229 1887 437 1954 emolumenti
459 1891 501 1955 ad
523 1890 605 1955 hanc
627 1889 877 1973 disputationem
896 1889 1154 1978 redundaturum
1175 1909 1244 1953 esse
1274 1907 1408 1970 sperem,

228 2004 351 2080 quanto
373 2002 474 2084 magis
496 2004 639 2070 tractatu
662 2002 777 2085 dignae
798 2001 886 2068 sunt!
909 2001 1056 2066 Primum
1077 2001 1160 2066 enim
1181 1999 1283 2064 verba
1300 2005 1409 2083 postor

228 2109 333 2175 valida
352 2111 463 2176 dextra
484 2120 631 2178 truncam
653 2113 787 2178 detraxit
809 2118 876 2194 aut,
907 2113 1025 2196 siquis
1055 2117 1250 2177 structuram
1276 2110 1411 2174 detraxit

228 2222 267 2285 ab
290 2242 365 2287 orno
386 2223 491 2289 aalide
513 2222 664 2308 praefert,
683 2245 756 2289 cum
776 2245 796 2289 a
813 2225 928 2290 ceteris
948 2224 1038 2290 libris
1054 2224 1185 2306 distent,
1206 2222 1293 2288 ultro
1315 2241 1411 2303 quae-

230 2335 366 2398 stionem
388 2341 527 2417 movent,
558 2343 668 2402 utrum
694 2336 789 2402 huius
818 2359 860 2401 an
888 2336 1018 2402 illorum
1045 2335 1191 2401 codicum
1215 2335 1310 2399 lectio
1338 2354 1409 2397 con-

230 2444 338 2510 veniat
369 2468 478 2512 rerum
508 2449 675 2514 connexui.
720 2447 786 2530 Qui
816 2449 995 2513 necessario
1025 2446 1149 2512 efficere
1171 2445 1298 2510 videtur
1316 2444 1411 2509 Bem-

232 2555 299 2620 bini
334 2562 366 2621 et
399 2557 676 2642 Cantabrigiensis
709 2559 902 2643 scripturam
932 2558 1016 2624 omni
1042 2558 1159 2623 rationi
1190 2556 1285 2640 plane
1319 2556 1410 2620 satis-

231 2665 348 2749 facere,
380 2690 462 2751 cum,
497 2670 530 2735 id
563 2671 650 2751 quod
677 2692 769 2735 nemo
792 2676 878 2735 certe
900 2670 1102 2750 infitiabitur,
1125 2691 1189 2734 non
1211 2673 1339 2733 tantum
1363 2689 1411 2731 re-

232 2778 326 2860 ferat,
356 2786 507 2864 pastorne
536 2787 687 2847 truncum
713 2782 821 2847 valida
846 2782 959 2848 dextra
988 2781 1138 2847 detrahat
1165 2802 1280 2862 necne,
1311 2800 1410 2862 quan-

233 2896 303 2955 tum
333 2896 507 2958 truncusne
533 2894 659 2959 validus
688 2895 791 2959 sitan
813 2894 928 2961 debilis
952 2900 984 2960 et
1004 2893 1139 2980 fragilis,
1167 2894 1214 2959 ita
1235 2897 1273 2956 ut
1295 2891 1336 2956 ad
1359 2890 1410 2956 de-

232 2999 427 3067 fendendum
459 3027 524 3069 non
556 3006 672 3086 valeat,
704 3005 856 3072 Vossiani
886 3012 994 3071 autem
1024 3006 1122 3071 verba
1152 3005 1245 3088 quasi
1274 3003 1410 3068 alienam

234 3114 396 3194 quandam
427 3121 460 3180 et
488 3116 575 3182 haud
606 3119 817 3183 necessariam
846 3117 961 3184 afferre
992 3117 1191 3182 sententiam.
1237 3115 1356 3196 Itaque
1379 3119 1411 3177 et

233 3226 356 3308 aalide,
387 3247 452 3309 qua
482 3250 557 3294 voce
582 3235 702 3294 natura
727 3228 815 3294 haud
843 3229 1015 3310 imbecilla,
1045 3229 1087 3293 ad
1115 3227 1201 3292 hunc
1220 3226 1327 3291 locum
1348 3246 1411 3290 non

176 3363 179 3370 ·
234 3336 360 3421 idonea,
390 3339 586 3423 depingitur,
620 3340 824 3406 abiciendam
849 3346 880 3406 et
902 3341 1040 3405 ualidam
1061 3341 1093 3404 in
1114 3342 1237 3404 textum
1260 3337 1411 3420 recipien-

235 3448 310 3514 dam
333 3471 401 3516 esse
422 3452 495 3533 quis
519 3458 566 3517 est
596 3453 652 3533 qui
682 3451 800 3535 neget?
826 3451 942 3534 Neque
965 3450 1059 3517 aliter
1083 3449 1283 3515 delectione
1312 3469 1412 3512 resar-

233 3562 280 3645 pit
301 3539 447 3628 iudicare
467 3585 648 3646 possumus.
692 3561 809 3646 Neque
832 3563 918 3628 enim
940 3567 1036 3645 poeta
1059 3563 1093 3628 id
1114 3561 1339 3647 spectavitut
1354 3560 1411 3624 im-

235 3671 375 3737 minente
413 3674 556 3757 periculo
586 3681 748 3760 pastorem
780 3676 991 3741 resurrexisse
1023 3679 1082 3739 aut
1112 3673 1249 3740 iacuisse
1278 3690 1412 3735 comme-

236 3790 393 3865 moraret,
423 3806 496 3850 cum
525 3788 716 3854 vocabulum
745 3786 933 3870 resurgendi
955 3786 1036 3852 nihil
1060 3786 1148 3851 aliud
1171 3782 1328 3868 significet
1350 3781 1411 3845 nisi

236 3896 408 3979 reerigere,
428 3897 483 3962 sed
506 3903 544 3962 ut
566 3920 639 3963 eum
660 3898 833 3982 aufugisse,
853 3920 916 3964 non
938 3900 972 3963 in
997 3898 1107 3963 eodem
1129 3898 1200 3962 loco
1221 3894 1412 3960 remansisse

237 4013 419 4089 exponeret.
463 4008 560 4075 Nunc
589 4031 665 4075 vero
694 4012 728 4075 in
756 4015 900 4093 tempore
930 4033 1002 4080 eum
1031 4009 1201 4092 refugisse,
1233 4004 1410 4090 periculum

237 4117 374 4184 evitasse
394 4120 572 4186 Bembinus
602 4128 634 4187 et
656 4122 933 4205 Cantabrigiensis
961 4121 1148 4201 ostendunt,
1173 4117 1352 4186 Vossianus
1378 4117 1410 4180 in

237 4250 388 4318 suspenso
410 4232 584 4315 relinquit,
616 4239 654 4298 ut
684 4232 756 4299 luce
789 4233 906 4298 clarius
936 4232 987 4314 sit,
1016 4238 1089 4296 utra
1117 4230 1306 4311 retineatur,
1337 4233 1411 4293 utra

230 4323 392 4406 reiciatur
414 4349 571 4427 oporteat.
617 4345 663 4410 Et
682 4365 879 4426 quamquam
900 4344 942 4409 ad
964 4343 998 4408 id
1025 4342 1299 4426 comprobandum
1323 4340 1412 4407 nullo
