3294 5086
704 320 918 381 -35..

223 485 320 549 nullis
343 484 517 550 obstaculis
540 485 780 553 obvenientibus
802 495 888 572 eunt,
912 491 1029 574 agitur,
1053 512 1092 556 ex
1113 492 1152 555 iis
1174 490 1250 574 ipsis
1266 488 1404 570 denique

222 597 255 661 in
278 620 379 661 unum
400 596 560 680 coalescit,
590 604 628 662 ut
656 598 774 664 flumen
798 601 931 684 oriatur,
958 607 994 666 'et
1022 604 1069 668 ita
1099 602 1257 684 liquorem
1278 599 1403 683 placide

222 716 390 773 sonantem
412 708 525 804 eflicit3
549 709 635 774 unde
657 711 890 776 consectarium
912 712 950 778 fit
964 721 1041 798 aaa,
1066 714 1093 778 si
1114 713 1243 795 quidem
1263 713 1402 795 genuina

223 822 382 903 scriptura
404 825 462 902 est,
494 820 621 902 optime,
645 829 713 886 orto
735 844 810 886 vero
834 823 876 889 ab
899 825 1039 907 antiquis
1062 823 1225 889 codicibus
1248 822 1402 888 traditam

223 931 360 996 fortasse
376 931 512 1015 intelligi
528 953 621 1014 posse
638 953 742 1015 neque
765 954 822 997 nos
844 933 975 1015 habere,
998 955 1055 999 cur
1077 942 1144 1000 orto
1165 956 1295 1017 prorsus
1318 933 1401 999 refu-

156 1030 160 1037 ’
223 1048 342 1125 temus3
373 1042 521 1124 equidem
551 1064 672 1125 censeo,
703 1065 774 1107 cum
803 1042 883 1108 haec
905 1044 999 1109 lectio
1024 1045 1283 1129 explanationem
1303 1067 1401 1130 quan-

223 1156 298 1220 dam
321 1155 486 1238 praebeat,
509 1154 741 1218 auctoritatem
764 1154 914 1219 Bembini
937 1161 969 1219 et
989 1155 1266 1240 Cantabrigiensis
1292 1157 1402 1226 multis

222 1267 300 1332 locis
322 1271 541 1351 exspectatam
562 1271 595 1330 et
617 1265 812 1349 sequendum
836 1287 902 1331 esse
925 1288 1037 1350 neque,
1060 1268 1187 1333 etiamsi
1208 1270 1312 1334 altera
1333 1275 1402 1332 acta

222 1377 434 1466 praeferatur,
458 1379 619 1460 imminui,
656 1399 737 1458 cum,
772 1399 871 1460 quam
903 1377 995 1442 facile
1029 1379 1133 1445 scriba
1165 1379 1207 1444 ad
1244 1381 1402 1463 aptiorem

223 1489 414 1572 scripturam
436 1496 505 1552 acto
525 1488 643 1554 adduci
665 1489 818 1573 potuerit,
841 1488 890 1554 vel
915 1489 1027 1554 iisdem
1050 1490 1268 1556 conaminibus
1294 1511 1400 1566 recen·

223 1601 342 1665 tiorum
364 1600 523 1665 editorum
545 1601 750 1666 manifestum
770 1603 821 1665 sit.
1345 1676 1349 1683 ‚

307 1711 435 1776 Tertius
460 1711 598 1795 denique
619 1711 708 1777 locus
730 1711 976 1778 difficultatibus
992 1711 1128 1778 refertus
1145 1718 1193 1778 est
1208 1712 1323 1795 dignus
1343 1712 1400 1795 qui

223 1823 387 1905 afferatur,
410 1830 485 1888 sunt
506 1846 551 1889 vs.
575 1829 744 1889 arr-312
1266 1895 1267 1900 γ

350 1936 429 2020 Ipsa
451 1936 538 2020 vagis
561 1958 700 2019 namque
721 1936 784 2001 Ida
805 1942 919 2019 patens
942 1936 1079 2001 feritatis
1102 1937 1226 2018 etipsa

351 2047 469 2131 Daque
489 2048 574 2114 faces
596 2048 694 2114 altrix
715 2048 849 2132 cupidus
866 2048 1043 2132 praebebat
1065 2047 1224 2113 alumnus.
1372 2124 1391 2132 Α,

222 2159 340 2224 mirum
362 2166 519 2243 quantum
542 2183 562 2225 a
585 2161 743 2227 Bembino
766 2167 799 2226 et
814 2159 1073 2243 Cantabrigiensi
1092 2160 1252 2243 discrepat
1270 2158 1400 2225 Vossia-

221 2291 290 2352 nus,
315 2292 387 2334 cum
408 2271 559 2337 exhibeat
580 2271 659 2337 haec
680 2271 778 2337 verba

349 2381 429 2464 Ipsa
450 2383 539 2466 vagis
559 2405 698 2466 namque
720 2382 784 2447 Ida
804 2389 918 2465 potens
939 2383 1077 2447 feritatis
1101 2381 1143 2446 ab
1166 2382 1236 2464 ipsa
1323 2371 1324 2374 ¹

348 2492 411 2558 Ida
430 2494 516 2559 faces
539 2494 629 2560 altris
652 2494 766 2577 cupide
789 2492 964 2576 praebebat
986 2492 1125 2558 alumnis

204 2602 277 2684 qui
299 2624 409 2668 versus
430 2607 464 2668 in
489 2627 621 2669 numero
644 2606 830 2688 pravissime
855 2604 1049 2669 traditorum
1077 2603 1218 2668 habendi
1240 2604 1397 2669 medelam

221 2711 380 2796 flagitant,
410 2736 493 2796 quae
517 2716 664 2781 omnibus
686 2718 823 2781 numeris
846 2717 995 2782 absoluta
1017 2716 1159 2781 nondum
1188 2714 1316 2798 prolata
1338 2722 1397 2794 est.

223 2823 310 2906 Quid
335 2845 410 2888 vero
433 2827 494 2891 sibi
515 2827 622 2910 velint,
650 2829 754 2894 elucet
782 2827 863 2908 „Ida
886 2829 956 2910 ipsa
981 2828 1079 2893 altrix
1107 2826 1231 2912 cupidis
1260 2827 1397 2892 alumnis

221 2934 306 3000 faces
322 2935 364 3000 ad
380 2957 476 3003 naves
491 2940 705 3005 incendendas
726 2940 880 3022 praebet“
905 2961 963 3004 nec
985 2941 1025 3005 de
1046 2939 1197 3004 extremis
1219 2939 1324 3005 verbis
1341 2939 1398 3004 du·

221 3046 336 3112 bitatio
367 3046 496 3131 haeret,
528 3073 601 3116 oum
632 3043 752 3136 cupidis
781 3053 918 3116 alumnis
944 3051 1153 3134 praeferenda
1182 3072 1248 3116 esse
1270 3051 1398 3114 videan-

219 3165 272 3224 tur
299 3161 407 3244 cupide
436 3163 582 3245 oloronis,
620 3184 682 3227 non
718 3185 782 3245 quo
817 3164 956 3229 alterum
994 3163 1095 3227 altero
1132 3182 1190 3244 per
1220 3183 1254 3225 se
1283 3162 1396 3226 melius

220 3273 278 3353 sit,
310 3272 366 3337 sed
393 3273 479 3354 quod
505 3276 716 3339 vetustiorum
745 3275 891 3340 codicum
917 3273 1012 3338 lectio
1043 3280 1200 3355 tanquam
1229 3273 1397 3355 vestigium

138 3433 141 3441 .
219 3385 367 3464 propriae
399 3385 576 3466 scripturae
607 3386 686 3450 nihil
715 3386 970 3468 interpolationis
999 3406 1077 3467 prae
1106 3405 1140 3448 se
1170 3383 1241 3448 fert.
1289 3383 1396 3448 Multo

221 3492 380 3557 difficilius
402 3495 546 3576 reliquae
568 3518 659 3562 voces
682 3499 714 3560 in
737 3499 906 3579 pristinam
931 3497 1148 3579 integritatem
1176 3495 1304 3559 rest'tui
1326 3516 1395 3577 pos

221 3610 304 3687 sunt,
328 3612 365 3670 ut
390 3605 626 3671 emendationes
648 3606 821 3672 Ribbeckii
852 3612 884 3671 et
906 3605 1106 3688 Baehrensii,
1136 3608 1191 3688 qui
1219 3607 1252 3669 in
1279 3585 1396 3685 Bembi

178 3793 182 3802 ⁸
221 3719 407 3782 coniecturis
436 3737 498 3779 non
529 3719 772 3800 acquieverunt,
804 3719 1036 3783 demonstrant.
1086 3714 1292 3800 Quamquam
1321 3699 1395 3784 illas

219 3850 284 3892 non
306 3828 400 3911 plane
421 3827 532 3910 probe,
555 3834 662 3893 tamen
689 3828 835 3912 pluribus
858 3830 1039 3894 examinare
1061 3831 1172 3894 omitto
1195 3849 1257 3893 non
1281 3830 1393 3912 solum,

219 3940 306 4022 quod
330 3944 452 4004 certam
479 3941 642 4021 quandam
663 3962 714 4006 me
740 3963 803 4006 non
826 3941 946 4006 habere
968 3939 1129 4020 confiteor,
1156 3935 1393 4023 verumetiam,

219 4054 295 4134 quia
318 4051 359 4116 ad
381 4051 442 4116 hoc
463 4052 629 4116 consilium
657 4075 720 4118 non
752 4058 907 4136 spectant.
949 4052 1073 4117 Nostra
1100 4052 1237 4116 maxime
1262 4052 1394 4116 interest

218 4161 417 4228 differentiae
450 4163 562 4248 Doque
596 4165 683 4248 foces
716 4203 758 4212 —-
788 4164 850 4228 Ida
881 4165 975 4248 foces.
1032 4162 1242 4228 Dubitaverit
1276 4163 1394 4250 aliquis

219 4273 259 4336 de
295 4276 416 4358 origine
454 4275 622 4358 utriusque
658 4278 837 4359 scripturae
875 4297 933 4340 nec
969 4275 1079 4358 facile,
1120 4274 1394 4358 quemadmodum

1086 4393 1089 4400 .
1140 4392 1143 4401 Ἴ
1208 4377 1241 4429 8*
