3294 5086
726 375 920 436 ..g-

499 543 532 612 V
1096 540 1157 608 Bo

234 658 297 720 332
319 653 454 718 taribdis
849 652 1020 736 charybdis

233 769 294 832 341
319 765 408 830 divos
848 764 935 830 dives

235 882 296 942 358
317 877 444 960 parides
848 876 965 960 pariles

234 994 296 1054 360
319 1010 410 1054 coma
431 989 527 1054 decus
848 1009 939 1052 roma
961 988 1057 1054 decus

235 1106 297 1168 372
320 1123 395 1184 ergo
632 1119 635 1128 ’
850 1120 908 1181 ego

235 1218 297 1278 378
319 1215 388 1279 axis
849 1211 935 1276 adsis

234 1330 296 1390 339
318 1330 423 1389 temen
445 1324 593 1391 infestum
613 1346 736 1408 pugnas
848 1330 956 1388 tamen
978 1322 1128 1388 infestum
1150 1341 1295 1406 pugnans

235 1440 296 1500 397
318 1436 462 1519 lapidum
846 1435 955 1518 lapide

233 1553 297 1613 408
319 1549 385 1614 illic
850 1548 939 1613 illinc

318 1771 416 1838 Hunc
445 1773 634 1838 mendorum
664 1794 835 1837 numerum
864 1772 890 1836 si
920 1772 991 1856 quis
1019 1771 1207 1855 inspexerit,
1238 1769 1343 1835 nescio
1372 1791 1414 1834 an

234 1885 295 1950 sibi
316 1905 524 1970 persuasurus
547 1885 589 1951 sit
611 1890 669 1950 aut
691 1884 914 1969 apographum
928 1884 1133 1949 vetustissimi
1152 1882 1341 1966 exemplaris
1356 1887 1413 1946 aut

235 1995 430 2066 Vossianum
451 1997 556 2081 ipsum
577 1997 783 2081 neglegenter
805 1995 1000 2080 descriptum
1023 1995 1065 2060 ob
1087 1995 1202 2079 idque,
1226 1994 1352 2060 etiamsi
1374 2014 1414 2057 ex

235 2111 368 2194 antiquo
406 2108 495 2174 fonto
524 2109 670 2190 fluxerit,
708 2114 816 2174 tamen
851 2108 992 2191 singulas
1027 2109 1093 2174 eius
1126 2108 1302 2190 scripturas
1335 2126 1414 2174 sem:
1530 2146 1535 2150 ·

235 2242 292 2305 per
313 2221 554 2304 perpendendas
584 2241 660 2286 esse.
703 2220 800 2286 Hanc
830 2221 929 2303 igitur
962 2222 994 2285 in
1023 2220 1213 2285 sententiam
1234 2217 1414 2284 Baehrensi

235 2332 388 2398 iudicium
409 2336 621 2415 restringatur
642 2352 770 2397 necesse
793 2338 850 2413 est,
872 2337 909 2397 ut
924 2328 1117 2397 Vossianum
1136 2352 1200 2395 non
1218 2351 1336 2412 carere,
1359 2330 1414 2395 sed

235 2444 400 2509 abundare
429 2444 514 2508 vitiis
546 2444 670 2509 librarii
698 2465 802 2528 neque
831 2444 893 2510 hac
924 2442 1052 2526 quidem
1083 2443 1117 2506 in
1146 2443 1272 2507 ratione
1300 2442 1413 2508 ceteris

235 2556 457 2640 manuscriptis
486 2555 728 2640 praeferendum
759 2577 825 2621 asse
855 2556 1007 2621 dicamus.
1058 2554 1215 2619 Attamen
1244 2553 1271 2617 si
1300 2553 1347 2618 ita
1372 2554 1414 2619 ab

235 2669 302 2732 eius
328 2667 476 2751 opinione
505 2667 718 2750 deflectimus,
749 2668 885 2732 alteram
914 2668 1080 2748 virtutem,
1111 2687 1207 2750 quam
1230 2664 1279 2729 vir
1300 2665 1435 2740 doctus,

235 2779 357 2859 statuit,
382 2799 447 2842 non
477 2778 679 2861 denegamus,
709 2800 781 2843 cum
802 2778 857 2844 ille
878 2779 969 2862 liber,
995 2785 1033 2843 ut
1054 2777 1163 2844 multis
1183 2777 1306 2844 mendis
1326 2777 1413 2842 labo·

234 2896 295 2971 rat,
318 2888 364 2954 ita
385 2889 479 2954 facile
500 2888 570 2954 fieri
591 2891 707 2973 possit,
738 2896 774 2955 ut
802 2892 1049 2973 praestantiores
1075 2911 1171 2973 quam
1198 2892 1296 2955 ceteri
1318 2889 1412 2972 scrip

235 3007 324 3066 turas
344 3001 505 3084 praebeat.
550 2999 658 3084 Quare
684 3003 711 3067 si
733 3002 773 3067 do
792 3001 956 3067 codicibus
978 3007 1064 3067 recte
1085 3001 1304 3085 quaestionem
1326 3000 1413 3066 insti-

234 3118 325 3178 tuere
346 3113 520 3196 studemus,
543 3115 681 3178 maxime
704 3113 738 3178 id
759 3113 851 3179 nobis
872 3112 1031 3197 agendum
1051 3119 1108 3196 est,
1130 3118 1168 3178 ut
1186 3134 1239 3178 eas
1262 3114 1412 3179 lectiones

235 3223 396 3308 Vossiani,
425 3247 508 3309 quae
529 3247 550 3290 a
571 3225 729 3290 Bembina
757 3231 789 3290 et
813 3223 1071 3308 Cantabrigiensi
1100 3225 1292 3310 discrepant,
1322 3246 1412 3290 excu-

234 3336 353 3401 tiamus
376 3337 506 3420 etquid
528 3337 605 3403 boni
627 3337 744 3419 quidve
771 3337 849 3402 mali
870 3338 947 3402 insit
970 3337 1179 3420 enucleemus
1210 3337 1296 3402 unde
1322 3357 1412 3420 prae

235 3449 356 3513 stantia
376 3455 434 3513 aut
456 3449 571 3519 horum
591 3449 749 3514 librorum
767 3454 825 3514 aut
845 3449 931 3514 illius
954 3449 1088 3515 eluceat.
1133 3448 1269 3515 Errores
1291 3471 1365 3514 vero
1386 3452 1412 3515 si

236 3582 344 3626 omnes
366 3560 616 3645 complectimur,
640 3561 887 3626 innumerabiles
909 3561 976 3627 fere
997 3567 1071 3627 sunt
1092 3582 1195 3644 neque
1217 3561 1352 3644 etiamsi,
1375 3567 1413 3626 ut

234 3694 332 3755 supra
355 3672 496 3754 fecimus,
520 3693 584 3754 eos,
612 3673 668 3757 qui
693 3672 817 3739 scribae
841 3674 966 3739 incuria
995 3673 1154 3738 commissi
1183 3678 1267 3755 sunt,
1297 3672 1412 3738 discre-

234 3785 336 3848 vimus
351 3783 394 3849 ab
408 3784 456 3866 iis,
474 3785 530 3869 qui
547 3785 689 3869 aliquem
703 3806 830 3850 sensum
846 3784 998 3868 efficiunt,
1015 3785 1111 3870 pauci
1121 3789 1255 3850 restant.
1283 3785 1412 3850 Horum

234 3900 309 3961 sunt
336 3895 400 3960 duo
430 3917 550 3978 genera
579 3897 752 3962 statuenda
781 3902 813 3962 et
839 3917 966 3978 eorum,
996 3898 1052 3980 qui
1079 3901 1212 3981 proptor
1233 3918 1412 3962 connexum

233 4029 341 4072 rerum
362 4029 426 4072 non
446 4008 637 4092 tolerantur,
662 4014 846 4090 eteorum,
877 4008 932 4092 qui
961 4008 1220 4092 explanationem
1249 4009 1412 4091 quandam

233 4119 388 4204 praebent
417 4125 450 4185 et
478 4142 499 4184 a
524 4120 724 4185 Baehrensio
750 4119 869 4204 partim
897 4120 930 4185 in
964 4120 1136 4186 editionem
1168 4121 1289 4204 recepti
1319 4129 1409 4187 sunt:

233 4230 362 4296 illorum
388 4251 519 4297 numero
543 4232 706 4297 tribuendi
735 4237 810 4297 sunt
838 4255 867 4297 v.
899 4236 939 4297 12
961 4233 1058 4298 vestri
1076 4261 1116 4287 =
1139 4234 1258 4316 nostri,
1290 4237 1329 4298 18
1359 4255 1411 4298 ne-

233 4343 331 4409 moris
363 4375 404 4398 =
436 4344 557 4427 laticis,
590 4347 632 4408 42
660 4343 785 4410 lenibus
814 4375 856 4398 =
883 4345 1012 4428 igneus,
1045 4348 1085 4408 47
1115 4343 1211 4410 tiores
1232 4375 1274 4399 =
1301 4345 1410 4429 colles,
