3294 5086
132 497 139 533 l

720 300 930 361 ..47-

235 465 358 548 origine
381 463 535 532 Vossiani
557 487 621 530 non
644 466 783 531 multum
801 466 877 532 fidei
899 467 1000 533 habet
1021 473 1052 532 et
1074 489 1113 532 ex
1135 489 1169 534 se
1190 469 1261 552 ipse
1283 469 1417 553 praebet

235 576 479 658 documentum,
512 599 609 659 quam
637 578 778 644 absurde
806 581 849 643 sit
874 584 906 644 et
933 579 986 643 vix
1008 579 1199 645 verisimilis.
1244 580 1368 648 Contra
1389 580 1417 644 si

234 686 433 755 Vossianum
458 710 497 753 cx
526 688 639 755 ecdem
666 688 754 755 fonte
785 710 849 772 quo
871 695 1014 755 vetustos
1036 689 1136 756 libros
1167 697 1241 774 aut,
1272 691 1305 756 id
1328 690 1415 774 quod

236 799 314 863 mihi
336 799 466 881 quidem
486 801 588 882 magis
610 801 778 884 probatur,
801 823 839 866 ex
860 802 1018 867 Bembino
1041 802 1120 886 ipso,
1144 825 1239 886 quem
1255 803 1416 884 scriptura

234 911 466 994 langobardica
490 919 659 978 exaratum
682 934 750 978 esse
768 920 903 995 constat,
928 935 985 997 per
1000 914 1106 978 varios
1129 915 1248 998 gradus
1267 935 1416 978 manasse

235 1023 416 1104 statuimus,
440 1044 539 1105 quam
562 1026 716 1088 concinna
738 1030 770 1089 11
792 1030 907 1108 aperta
929 1025 1036 1104 omnia
1066 1025 1155 1090 eunt!
1187 1026 1271 1090 Tum
1295 1025 1415 1108 optime

235 1133 458 1216 intelliguntur
479 1134 562 1198 credo
580 1137 622 1198 eie
637 1156 676 1199 ex
691 1135 826 1219 uelocis,
843 1138 954 1200 acutia
971 1158 1010 1200 ex
1025 1139 1145 1216 cautio,
1163 1157 1250 1200 coma
1264 1158 1302 1201 ex
1316 1156 1415 1200 roma.

234 1243 310 1308 Huc
334 1250 461 1326 spectat
483 1246 621 1311 alterum
648 1253 888 1330 argumentum,
919 1247 1007 1328 quod
1035 1247 1077 1312 ad
1100 1253 1279 1312 extremum
1306 1247 1415 1332 paucis

235 1359 404 1439 attingam.
446 1355 623 1446 Vossianus
647 1357 863 1440 diphthongus
887 1378 923 1420 oe
954 1363 986 1422 et
1015 1378 1047 1421 oe
1075 1379 1198 1442 semper
1222 1358 1287 1424 fere
1310 1359 1414 1423 solae

235 1469 345 1533 littera
375 1468 505 1534 exhibet
533 1474 571 1532 ut
595 1490 625 1533 v,
656 1473 696 1532 25
719 1469 837 1551 ceptis,
869 1473 909 1533 32
932 1469 1007 1550 leta,
1030 1472 1072 1533 42
1095 1469 1253 1551 ethereus,
1283 1473 1324 1534 54
1343 1469 1413 1551 hec,

237 1583 297 1644 165
320 1579 441 1663 limpha
458 1629 465 1645 .
484 1629 491 1644 .
509 1630 540 1646 ..
565 1580 675 1662 thue
698 1581 845 1646 universe
866 1586 978 1644 contra
997 1580 1081 1645 hanc
1101 1580 1261 1646 scribendi
1285 1600 1414 1645 consue·

235 1691 379 1755 tudinem
409 1691 489 1756 nihil
520 1691 583 1757 dici
611 1697 736 1774 potest,
768 1692 813 1757 sio
834 1712 1065 1774 nonnunquam
1095 1713 1133 1756 ea
1158 1691 1229 1775 ipsa
1258 1692 1349 1756 illum
1375 1713 1415 1755 ex

234 1782 392 1868 Bembino
433 1803 482 1868 vel
523 1802 634 1869 eodem
675 1801 762 1867 fonte
798 1802 995 1885 descriptum
1033 1823 1102 1868 cese
1140 1802 1244 1868 verbis
1281 1803 1414 1886 singulis

235 1914 454 1979 demonstrare
481 1915 614 1979 videtur.
656 1913 816 1996 Exempla
844 1914 997 1979 nonnulla
1027 1920 1170 1995 exstant,
1205 1914 1320 1997 quibus
1352 1912 1415 1978 for·

235 2031 323 2090 tasse
358 2025 438 2090 illud
463 2025 709 2108 comprobatur.
756 2025 815 2093 Vs.
850 2030 910 2091 150
924 2065 959 2073 -
973 2031 1032 2090 151
1065 2026 1183 2091 vetusti
1213 2025 1337 2109 codices
1369 2027 1414 2090 sic

235 2138 371 2201 tradunt

363 2255 394 2313 et
415 2268 613 2332 quamquam
631 2249 775 2330 geminas
797 2250 904 2312 evium
924 2270 986 2313 vox
1008 2249 1166 2330 obstrepit
1188 2269 1280 2312 aures

362 2361 423 2426 hac
440 2359 596 2443 querulae
617 2359 762 2425 referunt
780 2381 873 2426 voces
895 2363 967 2442 quis
990 2360 1101 2424 nantia
1123 2359 1200 2423 lime

362 2492 499 2553 corpora
519 2472 649 2555 lympha
670 2470 757 2536 fovet

234 2604 306 2647 cum
328 2582 506 2649 Vossianus
533 2606 571 2648 ex
593 2605 651 2648 suc
672 2604 733 2647 usu
760 2604 818 2666 pro
840 2583 1006 2668 quaerclae
1027 2589 1137 2647 exaret
1164 2583 1299 2666 querula
1345 2581 1410 2649 Sed

233 2715 344 2758 casum
374 2695 511 2776 primum
542 2693 624 2760 falso
651 2717 671 2759 a
700 2695 793 2760 bonis
822 2693 912 2758 libris
940 2694 1097 2758 traditum
1127 2698 1159 2757 et
1193 2692 1410 2758 Parisinorum

234 2811 441 2889 exceptorum
463 2807 630 2870 lectionem
655 2807 800 2891 querulus
818 2804 1065 2888 praeferendam
1090 2826 1157 2870 esse
1179 2809 1328 2888 apertum
1351 2809 1409 2887 est,

234 2939 307 2982 cum
328 2917 409 2982 haec
431 2918 533 2982 multo
557 2919 665 3001 aptius
688 2940 761 2982 eum
784 2938 920 2999 sensum,
949 2938 1045 2999 quem
1070 2922 1168 2999 poeta
1190 2915 1333 2981 subicere
1359 2936 1411 2980 vo·

232 3028 303 3110 luit,
327 3029 487 3120 exprimat
508 3051 608 3112 quam
629 3029 686 3093 illa
704 3030 875 3112 scriptura.
920 3027 1010 3094 Sicut
1032 3029 1189 3110 igiturex
1216 3026 1303 3093 fonte
1325 3047 1409 3092 oom-

232 3141 321 3205 muni
342 3140 493 3205 Bembini
523 3145 555 3205 et
578 3140 852 3223 Cantabrigiensie
882 3140 1007 3205 scribae
1028 3139 1173 3223 querulas
1201 3138 1316 3202 litteris
1345 3137 1410 3201 sive

233 3250 417 3316 inaccurate
440 3252 568 3336 scriptis
598 3254 663 3317 eive
689 3254 754 3317 iam
783 3259 853 3316 tum
875 3252 1057 3335 depravatis
1086 3249 1313 3314 intellexerunt
1341 3269 1410 3333 qoe-

234 3362 331 3442 111111,
355 3364 399 3426 sic
416 3363 566 3428 Vossiani
587 3364 740 3430 librarius
759 3364 845 3428 hanc
858 3362 975 3428 falsam
990 3361 1159 3426 lectionem
1174 3367 1302 3426 secutus
1318 3360 1409 3444 diph-

235 3471 353 3555 thonga
375 3495 410 3537 oe
437 3474 506 3539 sola
527 3476 667 3542 litterae
688 3498 840 3560 expressa
862 3496 921 3558 pro
944 3479 1034 3539 recta
1053 3473 1158 3538 forma
1179 3493 1314 3556 pravam
1340 3493 1409 3557 qoe-

233 3584 300 3647 rulc
321 3584 492 3650 tradidisse
513 3589 675 3669 putandus
699 3595 756 3653 est.
799 3586 888 3652 Nam
911 3587 982 3669 quis
1006 3587 1069 3652 duo
1096 3584 1285 3668 apographa
1313 3585 1409 3668 plane

233 3692 359 3761 diversa
389 3697 501 3762 eodem
528 3699 692 3765 lahorasse
720 3699 835 3764 mendo
866 3695 1061 3763 crediderit?
1094 3696 1148 3760 Me
1176 3696 1275 3780 igitur
1303 3696 1408 3760 iudice

233 3803 385 3872 Vossiani
408 3809 513 3875 scriba
535 3811 623 3876 nulla
644 3810 709 3874 alia
732 3832 767 3875 11
790 3810 851 3874 nisi
872 3810 984 3875 eodem
1009 3808 1097 3873 fonte
1124 3829 1187 3891 quo
1211 3808 1408 3889 antiquiores

231 3917 355 3983 codices
378 3919 538 3986 fluxerunt
566 3922 607 3986 ad
631 3922 767 3986 eandem
790 3925 963 3988 sententiae
986 3920 1226 4004 perversitatem
1255 3920 1408 4002 pervenit.

231 4027 388 4096 Similiter
410 4052 443 4095 se
464 4032 583 4098 habere
602 4033 729 4098 videtur
751 4054 795 4097 vs.
820 4038 860 4098 32

357 4165 421 4208 non
443 4143 605 4227 perfossus
624 4145 732 4210 Athos
755 4165 812 4209 nec
835 4164 951 4227 magno
974 4143 1100 4207 vincula
1119 4146 1218 4225 ponto

355 4257 443 4322 laeta
461 4277 532 4320 meo
556 4262 713 4340 quaerent
732 4257 798 4321 iam
821 4276 894 4320 sera
916 4254 1076 4321 volumine
1096 4253 1227 4317 famam.
