3294 5086
775 303 991 368 ..16-

293 465 400 536 Huius
429 467 504 538 vero
533 469 768 557 explanationis
797 452 922 542 ansam¹
947 473 1103 559 praebent
1139 471 1237 542 verba
1270 474 1326 562 qui
1359 494 1476 541 susum

293 593 394 650 monta
411 585 536 650 adverso
557 589 688 671 revolvit,
712 593 749 652 ut
771 609 811 653 ex
832 589 872 652 iis
893 593 1048 672 tanquam
1070 588 1275 655 fundamento
1298 589 1341 653 ad
1364 596 1477 656 cetera

293 696 564 780 progrediendum
581 697 633 762 sit.
678 697 704 763 J
704 719 757 763 am
778 701 944 783 sequentia
965 699 1164 784 respicienda
1185 704 1260 765 sunt

422 809 647 892 contempsisse
660 808 753 875 dolor
765 832 860 894 quem
871 812 1111 878 numina‘vincit
1124 810 1388 877 acerbas-acerba
1397 811 1473 877 04—

294 941 387 1003 quae,
411 922 438 984 si
459 920 521 986 levi
542 923 720 988 mutatione
743 923 866 986 orabas
886 923 920 986 in
943 923 1068 988 acardus
1090 923 1293 1006 correximus,
1315 925 1471 1007 optimum

294 1031 436 1096 efficiunt
456 1053 586 1098 sensum
608 1055 667 1099 nec
688 1035 792 1099 minus
815 1041 891 1119 apte
913 1035 955 1100 ad
983 1036 1205 1101 antecedentia
1234 1057 1268 1100 se
1296 1035 1464 1120 applicant.

293 1141 381 1208 Nam
404 1165 466 1209 vox
488 1145 636 1211 vincendi
658 1166 754 1230 saepe
776 1147 875 1212 habet
896 1147 961 1211 rim
983 1147 1158 1230 evincendi,
1184 1148 1336 1228 docendi3
1366 1146 1470 1211 multa

293 1255 440 1339 exempla
456 1262 586 1340 praesto
601 1262 685 1339 sunt,
705 1259 824 1343 quibus
838 1258 891 1323 hio
905 1280 983 1323 usus
1002 1263 1241 1345 comprobatur,
1257 1258 1358 1324 affero
1372 1259 1471 1324 haec:

293 1365 361 1432 Oic.
394 1389 452 1450 pro
475 1367 626 1434 Oluentio
654 1375 708 1435 23:
739 1392 839 1435 unum
864 1370 995 1453 quidem
1016 1378 1103 1437 certe
1124 1392 1217 1435 nemo
1241 1371 1302 1436 erit
1324 1377 1391 1435 tam
1412 1370 1474 1434 ini-

200 1531 203 1538 .
293 1479 395 1543 micus
418 1479 567 1546 Oluentio
596 1483 652 1565 qui
681 1483 761 1547 mihi
782 1504 847 1547 non
869 1485 1042 1566 concedat,
1069 1484 1096 1547 si
1128 1488 1251 1547 constet
1281 1487 1475 1567 corruptum

291 1590 371 1656 illud
395 1613 464 1657 esse
486 1593 650 1675 iudicium,
679 1601 736 1660 aut
758 1595 800 1660 ab
822 1594 947 1660 Habito
970 1601 1027 1660 aut
1048 1593 1090 1658 ab
1113 1593 1292 1677 Oppianico
1314 1613 1382 1660 esse
1404 1615 1475 1658 cor·

291 1709 432 1786 ruptum,
463 1705 490 1768 si
512 1705 609 1770 doceo
631 1727 694 1770 non
717 1705 758 1771 ab
780 1705 923 1788 Habita,
954 1710 1038 1771 rauco
1061 1706 1103 1771 ab
1126 1706 1305 1789 Oppianico
1330 1754 1337 1769 .
1363 1755 1370 1770 .
1397 1755 1405 1769 .

292 1816 413 1881 ibidem
420 1841 466 1900 44:
490 1820 573 1881 aiace
593 1817 708 1882 deinde
733 1817 854 1882 bonum
875 1819 978 1884 virum
1001 1818 1100 1883 fuisse
1123 1817 1339 1901 Oppianicum

292 1928 377 1993 Hor.
401 1935 461 1993 sat.
481 1928 500 1992 I
523 1932 616 2015 3s115
1335 2009 1337 2015 Ι

420 2062 479 2105 nec
501 2043 597 2105 staret
618 2041 704 2112 ratio
725 2041 797 2124 hoe,
819 2043 1011 2107 tantundem
1033 2047 1071 2107 ut
1092 2047 1202 2125 peccet
1223 2040 1373 2121 idemque

420 2155 478 2236 qui
503 2200 637 2217 .....

291 2265 377 2330 idem
398 2271 459 2330 sat.
482 2264 522 2328 ΙΙ
544 2265 637 2346 3s225

419 2379 515 2441 vinem
536 2377 620 2442 enim
643 2375 760 2441 stultos
781 2375 866 2441 ratio
888 2375 1028 2439 insanire
1050 2380 1192 2458 nepotes.

376 2490 493 2572 Itaque
516 2488 544 2553 si
562 2488 709 2553 vincendi
728 2509 838 2552 rocem
857 2489 890 2553 in
908 2487 991 2552 hanc
1012 2487 1076 2551 v‘im
1098 2485 1289 2568 accipimus,
1316 2481 1411 2548 verba
1432 2481 1466 2544 id

290 2600 488 2685 significant:
510 2601 566 2684 qui
586 2607 694 2665 monte
716 2600 851 2665 adverso
875 2619 988 2664 saxum
1008 2599 1152 2678 revolvit,
1175 2617 1248 2660 eum
1271 2592 1394 2681 (quem)
1414 2592 1467 2656 'de
1521 2626 1526 2633 ·
1590 2624 1593 2630 ·

183 2777 184 2780 ,
293 2735 384 2778 orum
412 2713 544 2776 numina
573 2711 804 2794 contempsisse
834 2710 928 2776 dolor
952 2711 1089 2776 acerbus
1115 2709 1213 2773 vincit
1241 2709 1263 2772 i.
1288 2727 1315 2770 e.
1345 2703 1471 2784 evincit,

183 2895 185 2899 ,
292 2825 385 2890 docet
407 2846 450 2888 so.
471 2845 533 2905 eos,
557 2824 612 2906 qui
627 2824 827 2889 laborantem
845 2824 1014 2905 aspiciunt.
1057 2820 1178 2885 Adhuc
1197 2817 1355 2884 sententia
1374 2815 1472 2899 plens

292 2942 326 3001 et
349 2936 499 3001 absoluta
528 2957 596 3000 esse
625 2935 760 3016 videtur,
794 2940 896 2998 restat
925 2932 1060 2998 alterum
1091 2932 1172 2996 illud
1204 2933 1258 3015 qui
1284 2927 1465 3006 relativum,

292 3049 378 3131 quod
399 3049 464 3112 iam
489 3047 633 3130 Scaliger
653 3042 819 3130 praeclaro
841 3045 982 3109 remedio
1003 3044 1138 3122 sanavit,
1159 3065 1232 3107 cum
1250 3061 1307 3123 pro
1323 3039 1378 3122 qui
1393 3037 1468 3102 scri-

291 3161 383 3225 beret
412 3160 497 3244 quid.
553 3159 650 3244 Quod
681 3159 709 3223 si
740 3158 774 3222 in
801 3179 894 3223 nsum
924 3161 1069 3220 nostrum
1098 3153 1340 3229 contulerimus,
1371 3147 1469 3214 habe-

292 3269 397 3335 bimus
424 3271 508 3336 hano
533 3270 692 3336 enuntiati
716 3269 1000 3334 conformationem

418 3381 519 3467 quid?
543 3404 656 3448 saxum
677 3381 789 3465 procul
810 3381 945 3446 adverso
967 3381 1023 3462 qui
1045 3384 1152 3442 monte
1173 3373 1319 3454 revolvit,

419 3495 648 3578 contempsisse
674 3493 767 3558 dolor
786 3514 883 3575 quem
901 3493 1031 3558 numina
1054 3490 1151 3556 vincit
1174 3482 1334 3552 acerbus?

291 3606 414 3689 Figura
452 3606 548 3688 quid?
583 3607 664 3691 quod
687 3656 695 3670 .
719 3655 727 3670 .
751 3655 758 3669 .
784 3655 790 3669 .
830 3605 880 3672 vel
915 3612 952 3669 ut
988 3604 1049 3667 hoc
1081 3602 1152 3698 loco
1191 3597 1283 3683 quid,
1321 3596 1377 3678 qui
1399 3643 1407 3657 .
1431 3641 1470 3662 ..

292 3738 418 3801 semper
455 3723 502 3781 est
533 3719 658 3800 signum
696 3717 923 3800 progrediendi
957 3716 1138 3799 optimeque
1170 3708 1337 3790 Hauptius
1349 3707 1374 3786 ¹)
1411 3723 1467 3766 nos

291 3850 355 3893 non
383 3829 516 3912 habere,
540 3839 603 3895 'cur
631 3829 664 3892 in
690 3829 752 3894 hac
781 3828 960 3894 elocutione
985 3826 1186 3905 haereamus,
1217 3820 1303 3886 dicit.
1355 3816 1468 3895 Atque

292 3939 442 4005 utillum
464 3941 497 4005 in
527 3942 658 4006 modum
684 3941 781 4007 verba
805 3939 985 4004 exhibenda
1013 3959 1082 4003 esse
1107 3934 1279 4013 contendo,
1309 3929 1354 3991 sic
1373 3945 1470 4007 quae·

291 4053 384 4135 ritur,
411 4053 489 4136 quid
513 4052 609 4136 pretii
638 4073 676 4117 ao
702 4053 830 4117 virtutis
859 4053 925 4116 sive
955 4048 1105 4114 Bembini
1135 4054 1167 4113 et
1195 4035 1468 4119 Cantabrigiensis

292 4165 357 4230 sive
380 4164 533 4232 Vossiani
553 4185 592 4228 ex
614 4162 794 4228 differentia
816 4184 926 4227 eorum
947 4162 1126 4245 scripturae
1153 4159 1254 4226 statui
1279 4152 1385 4216 liceat·
1430 4145 1467 4212 Si

363 4319 385 4387 ¹)
404 4336 496 4387 opusc.
515 4317 565 4372 III
582 4337 609 4388 p.
627 4320 669 4372 71.
739 4317 740 4320 ’
