<?xml version="1.0" encoding="UTF-8"?>
<!DOCTYPE html PUBLIC "-//W3C//DTD XHTML 1.0 Transitional//EN"
    "http://www.w3.org/TR/xhtml1/DTD/xhtml1-transitional.dtd">
<html xmlns="http://www.w3.org/1999/xhtml" xml:lang="en" lang="en">
 <head>
  <title>
</title>
<meta http-equiv="Content-Type" content="text/html;charset=utf-8" />
  <meta name='ocr-system' content='tesseract 3.04.00' />
  <meta name='ocr-capabilities' content='ocr_page ocr_carea ocr_par ocr_line ocrx_word'/>
</head>
<body>
  <div class='ocr_page' id='page_1' title='image "./deculicispotiss00roehgoog_0059.png"; bbox 0 0 3294 5086; ppageno 0'>
   <div class='ocr_carea' id='block_1_1' title="bbox 737 771 935 874">
    <p class='ocr_par' dir='ltr' id='par_1_1' title="bbox 737 771 935 874">
     <span class='ocr_line' id='line_1_1' title="bbox 737 771 935 874; baseline 0.01 -2"><span class='ocrx_word' id='word_1_1' title='bbox 737 771 935 874; x_wconf 74' lang='lat' dir='ltr'><strong>VITA.</strong></span> 
     </span>
    </p>
   </div>
   <div class='ocr_carea' id='block_1_2' title="bbox 240 1098 1484 3613">
    <p class='ocr_par' dir='ltr' id='par_1_2' title="bbox 240 1098 1484 3186">
     <span class='ocr_line' id='line_1_2' title="bbox 334 1098 1419 1184; baseline 0 -15"><span class='ocrx_word' id='word_1_2' title='bbox 334 1100 442 1169; x_wconf 88' lang='lat' dir='ltr'>Natus</span> <span class='ocrx_word' id='word_1_3' title='bbox 457 1121 528 1164; x_wconf 87' lang='lat' dir='ltr'>sum</span> <span class='ocrx_word' id='word_1_4' title='bbox 540 1098 780 1165; x_wconf 83' lang='lat' dir='ltr'>Maximilianus</span> <span class='ocrx_word' id='word_1_5' title='bbox 797 1099 960 1165; x_wconf 87' lang='lat' dir='ltr'>Roehrich</span> <span class='ocrx_word' id='word_1_6' title='bbox 977 1100 1080 1184; x_wconf 83' lang='lat' dir='ltr'>pridie</span> <span class='ocrx_word' id='word_1_7' title='bbox 1093 1099 1178 1166; x_wconf 91' lang='lat' dir='ltr'>Non.</span> <span class='ocrx_word' id='word_1_8' title='bbox 1194 1102 1273 1168; x_wconf 88' lang='lat' dir='ltr'>Dec.</span> <span class='ocrx_word' id='word_1_9' title='bbox 1294 1125 1323 1168; x_wconf 93' lang='lat' dir='ltr'>a.</span> <span class='ocrx_word' id='word_1_10' title='bbox 1337 1108 1419 1169; x_wconf 81' lang='grc'>1867</span> 
     </span>
     <span class='ocr_line' id='line_1_3' title="bbox 248 1209 1421 1298; baseline 0.001 -17"><span class='ocrx_word' id='word_1_11' title='bbox 248 1219 282 1281; x_wconf 86' lang='lat' dir='ltr'>in</span> <span class='ocrx_word' id='word_1_12' title='bbox 326 1212 442 1298; x_wconf 92' lang='lat' dir='ltr'>oppido</span> <span class='ocrx_word' id='word_1_13' title='bbox 483 1209 663 1277; x_wconf 90' lang='lat' dir='ltr'>Pomerano</span> <span class='ocrx_word' id='word_1_14' title='bbox 705 1211 943 1296; x_wconf 86' lang='lat' dir='ltr'>Ruegenwalde</span> <span class='ocrx_word' id='word_1_15' title='bbox 987 1219 1078 1295; x_wconf 87' lang='lat' dir='ltr'>patre</span> <span class='ocrx_word' id='word_1_16' title='bbox 1115 1210 1274 1298; x_wconf 88' lang='lat' dir='ltr'>Aemilio,</span> <span class='ocrx_word' id='word_1_17' title='bbox 1318 1222 1421 1283; x_wconf 89' lang='lat' dir='ltr'>matre</span> 
     </span>
     <span class='ocr_line' id='line_1_4' title="bbox 248 1321 1419 1408; baseline 0 -15"><span class='ocrx_word' id='word_1_18' title='bbox 248 1328 360 1393; x_wconf 81' lang='lat' dir='ltr'><strong>Minna</strong></span> <span class='ocrx_word' id='word_1_19' title='bbox 383 1346 400 1389; x_wconf 91' lang='lat' dir='ltr'>e</span> <span class='ocrx_word' id='word_1_20' title='bbox 421 1328 516 1407; x_wconf 86' lang='lat' dir='ltr'>gente</span> <span class='ocrx_word' id='word_1_21' title='bbox 539 1321 657 1405; x_wconf 90' lang='lat' dir='ltr'>Kohn,</span> <span class='ocrx_word' id='word_1_22' title='bbox 688 1341 785 1404; x_wconf 89' lang='lat' dir='ltr'>quam</span> <span class='ocrx_word' id='word_1_23' title='bbox 812 1327 970 1387; x_wconf 87' lang='lat' dir='ltr'>mortuam</span> <span class='ocrx_word' id='word_1_24' title='bbox 989 1323 1054 1389; x_wconf 89' lang='lat' dir='ltr'>iam</span> <span class='ocrx_word' id='word_1_25' title='bbox 1081 1325 1136 1390; x_wconf 90' lang='lat' dir='ltr'>diu</span> <span class='ocrx_word' id='word_1_26' title='bbox 1158 1325 1261 1408; x_wconf 84' lang='lat' dir='ltr'>lugeo.</span> <span class='ocrx_word' id='word_1_27' title='bbox 1305 1327 1419 1393; x_wconf 80' lang='lat' dir='ltr'><strong>Fidem</strong></span> 
     </span>
     <span class='ocr_line' id='line_1_5' title="bbox 244 1417 1421 1523; baseline 0.001 -20"><span class='ocrx_word' id='word_1_28' title='bbox 244 1417 400 1523; x_wconf 80' lang='lat' dir='ltr'>profiteor</span> <span class='ocrx_word' id='word_1_29' title='bbox 429 1434 651 1516; x_wconf 85' lang='lat' dir='ltr'>evangelicam.</span> <span class='ocrx_word' id='word_1_30' title='bbox 706 1431 823 1498; x_wconf 85' lang='lat' dir='ltr'>Primis</span> <span class='ocrx_word' id='word_1_31' title='bbox 852 1433 1033 1499; x_wconf 86' lang='lat' dir='ltr'>litterarum</span> <span class='ocrx_word' id='word_1_32' title='bbox 1059 1436 1263 1502; x_wconf 86' lang='lat' dir='ltr'>rudimentis</span> <span class='ocrx_word' id='word_1_33' title='bbox 1279 1438 1421 1505; x_wconf 86' lang='lat' dir='ltr'>imbutus</span> 
     </span>
     <span class='ocr_line' id='line_1_6' title="bbox 246 1531 1421 1658; baseline 0 -43"><span class='ocrx_word' id='word_1_34' title='bbox 246 1571 304 1635; x_wconf 91' lang='lat' dir='ltr'>per</span> <span class='ocrx_word' id='word_1_35' title='bbox 326 1553 446 1658; x_wconf 48' lang='lat' dir='ltr'>sevm</span> <span class='ocrx_word' id='word_1_36' title='bbox 468 1566 567 1611; x_wconf 90' lang='lat' dir='ltr'>annos</span> <span class='ocrx_word' id='word_1_37' title='bbox 581 1531 846 1629; x_wconf 86' lang='lat' dir='ltr'>¹progymnasium</span> <span class='ocrx_word' id='word_1_38' title='bbox 869 1546 979 1628; x_wconf 87' lang='lat' dir='ltr'>oppidi</span> <span class='ocrx_word' id='word_1_39' title='bbox 1002 1545 1155 1629; x_wconf 83' lang='lat' dir='ltr'>Schlawe,</span> <span class='ocrx_word' id='word_1_40' title='bbox 1173 1554 1243 1612; x_wconf 86' lang='lat' dir='ltr'>tum</span> <span class='ocrx_word' id='word_1_41' title='bbox 1263 1569 1320 1632; x_wconf 90' lang='lat' dir='ltr'>per</span> <span class='ocrx_word' id='word_1_42' title='bbox 1341 1550 1421 1616; x_wconf 90' lang='lat' dir='ltr'>duos</span> 
     </span>
     <span class='ocr_line' id='line_1_7' title="bbox 247 1655 1418 1742; baseline -0.002 -15"><span class='ocrx_word' id='word_1_43' title='bbox 247 1670 346 1727; x_wconf 90' lang='lat' dir='ltr'>annos</span> <span class='ocrx_word' id='word_1_44' title='bbox 368 1660 567 1742; x_wconf 85' lang='lat' dir='ltr'>gymnasium</span> <span class='ocrx_word' id='word_1_45' title='bbox 589 1657 698 1741; x_wconf 91' lang='lat' dir='ltr'>oppidi</span> <span class='ocrx_word' id='word_1_46' title='bbox 718 1656 860 1739; x_wconf 85' lang='lat' dir='ltr'>Belgard</span> <span class='ocrx_word' id='word_1_47' title='bbox 881 1655 1088 1741; x_wconf 74' lang='lat' dir='ltr'>frequentavi,</span> <span class='ocrx_word' id='word_1_48' title='bbox 1111 1659 1167 1724; x_wconf 92' lang='lat' dir='ltr'>ubi</span> <span class='ocrx_word' id='word_1_49' title='bbox 1190 1680 1262 1724; x_wconf 88' lang='lat' dir='ltr'>vere</span> <span class='ocrx_word' id='word_1_50' title='bbox 1283 1681 1313 1724; x_wconf 89' lang='lat' dir='ltr'>a.</span> <span class='ocrx_word' id='word_1_51' title='bbox 1336 1664 1418 1726; x_wconf 86' lang='grc'>1886</span> 
     </span>
     <span class='ocr_line' id='line_1_8' title="bbox 246 1768 1420 1854; baseline -0.002 -16"><span class='ocrx_word' id='word_1_52' title='bbox 246 1770 681 1854; x_wconf 61' lang='lat' dir='ltr'>tammonimmatmtatm</span> <span class='ocrx_word' id='word_1_53' title='bbox 710 1789 780 1832; x_wconf 92' lang='lat' dir='ltr'>sum</span> <span class='ocrx_word' id='word_1_54' title='bbox 806 1774 979 1833; x_wconf 88' lang='lat' dir='ltr'>assecutus.</span> <span class='ocrx_word' id='word_1_55' title='bbox 1024 1768 1152 1836; x_wconf 89' lang='lat' dir='ltr'>Deinde</span> <span class='ocrx_word' id='word_1_56' title='bbox 1176 1770 1291 1836; x_wconf 87' lang='lat' dir='ltr'>studiis</span> <span class='ocrx_word' id='word_1_57' title='bbox 1320 1771 1420 1854; x_wconf 89' lang='lat' dir='ltr'>philo-</span> 
     </span>
     <span class='ocr_line' id='line_1_9' title="bbox 244 1879 1422 1965; baseline 0.001 -17"><span class='ocrx_word' id='word_1_58' title='bbox 244 1883 356 1965; x_wconf 79' lang='lat' dir='ltr'>logicis</span> <span class='ocrx_word' id='word_1_59' title='bbox 378 1885 410 1944; x_wconf 90' lang='lat' dir='ltr'>et</span> <span class='ocrx_word' id='word_1_60' title='bbox 430 1881 589 1944; x_wconf 78' lang='lat' dir='ltr'>historicis</span> <span class='ocrx_word' id='word_1_61' title='bbox 612 1899 742 1962; x_wconf 83' lang='lat' dir='ltr'>operam</span> <span class='ocrx_word' id='word_1_62' title='bbox 763 1879 837 1944; x_wconf 91' lang='lat' dir='ltr'>dedi</span> <span class='ocrx_word' id='word_1_63' title='bbox 853 1901 911 1963; x_wconf 87' lang='lat' dir='ltr'>per</span> <span class='ocrx_word' id='word_1_64' title='bbox 931 1886 982 1945; x_wconf 92' lang='lat' dir='ltr'>ter</span> <span class='ocrx_word' id='word_1_65' title='bbox 1004 1901 1059 1946; x_wconf 85' lang='lat' dir='ltr'>sex</span> <span class='ocrx_word' id='word_1_66' title='bbox 1079 1903 1202 1946; x_wconf 88' lang='lat' dir='ltr'>menses</span> <span class='ocrx_word' id='word_1_67' title='bbox 1224 1884 1256 1946; x_wconf 92' lang='lat' dir='ltr'>in</span> <span class='ocrx_word' id='word_1_68' title='bbox 1272 1885 1422 1948; x_wconf 78' lang='lat' dir='ltr'>universi·</span> 
     </span>
     <span class='ocr_line' id='line_1_10' title="bbox 245 1989 1418 2074; baseline 0.002 -16"><span class='ocrx_word' id='word_1_69' title='bbox 245 1997 313 2058; x_wconf 89' lang='lat' dir='ltr'>tate</span> <span class='ocrx_word' id='word_1_70' title='bbox 334 1991 491 2056; x_wconf 88' lang='lat' dir='ltr'>litteraria</span> <span class='ocrx_word' id='word_1_71' title='bbox 515 1989 818 2074; x_wconf 75' lang='lat' dir='ltr'>Gryphiswaldensi.</span> <span class='ocrx_word' id='word_1_72' title='bbox 862 1989 1053 2057; x_wconf 90' lang='lat' dir='ltr'>Docuerunt</span> <span class='ocrx_word' id='word_1_73' title='bbox 1072 1999 1180 2058; x_wconf 86' lang='lat' dir='ltr'>autem</span> <span class='ocrx_word' id='word_1_74' title='bbox 1205 2015 1257 2059; x_wconf 90' lang='lat' dir='ltr'>me</span> <span class='ocrx_word' id='word_1_75' title='bbox 1277 2017 1326 2059; x_wconf 81' lang='lat' dir='ltr'>rr.</span> <span class='ocrx_word' id='word_1_76' title='bbox 1348 1995 1418 2060; x_wconf 81' lang='lat' dir='ltr'>dd:</span> 
     </span>
     <span class='ocr_line' id='line_1_11' title="bbox 244 2099 1417 2187; baseline 0.002 -18"><span class='ocrx_word' id='word_1_77' title='bbox 244 2102 428 2184; x_wconf 90' lang='lat' dir='ltr'>Bernheim,</span> <span class='ocrx_word' id='word_1_78' title='bbox 449 2099 623 2185; x_wconf 86' lang='lat' dir='ltr'>Kiessling,</span> <span class='ocrx_word' id='word_1_79' title='bbox 647 2101 764 2184; x_wconf 91' lang='lat' dir='ltr'>Maass,</span> <span class='ocrx_word' id='word_1_80' title='bbox 785 2100 895 2184; x_wconf 82' lang='lat' dir='ltr'>Seeck,</span> <span class='ocrx_word' id='word_1_81' title='bbox 912 2100 1080 2186; x_wconf 82' lang='lat' dir='ltr'>Susamihl,</span> <span class='ocrx_word' id='word_1_82' title='bbox 1101 2103 1253 2187; x_wconf 91' lang='lat' dir='ltr'>Ulmann,</span> <span class='ocrx_word' id='word_1_83' title='bbox 1268 2104 1417 2172; x_wconf 89' lang='lat' dir='ltr'>Zimmer.</span> 
     </span>
     <span class='ocr_line' id='line_1_12' title="bbox 244 2212 1420 2298; baseline 0.002 -18"><span class='ocrx_word' id='word_1_84' title='bbox 244 2213 293 2280; x_wconf 87' lang='lat' dir='ltr'>Ut</span> <span class='ocrx_word' id='word_1_85' title='bbox 314 2212 594 2278; x_wconf 79' lang='lat' dir='ltr'>exercitationibus</span> <span class='ocrx_word' id='word_1_86' title='bbox 609 2212 808 2298; x_wconf 79' lang='lat' dir='ltr'>philologieis</span> <span class='ocrx_word' id='word_1_87' title='bbox 828 2213 1022 2296; x_wconf 83' lang='lat' dir='ltr'>interessem,</span> <span class='ocrx_word' id='word_1_88' title='bbox 1045 2214 1179 2297; x_wconf 85' lang='lat' dir='ltr'>benigne</span> <span class='ocrx_word' id='word_1_89' title='bbox 1200 2221 1420 2282; x_wconf 88' lang='lat' dir='ltr'>concesserunt</span> 
     </span>
     <span class='ocr_line' id='line_1_13' title="bbox 246 2322 1420 2408; baseline 0 -18"><span class='ocrx_word' id='word_1_90' title='bbox 246 2324 422 2408; x_wconf 86' lang='lat' dir='ltr'>Kiessling,</span> <span class='ocrx_word' id='word_1_91' title='bbox 437 2324 554 2407; x_wconf 88' lang='lat' dir='ltr'>Maass,</span> <span class='ocrx_word' id='word_1_92' title='bbox 572 2324 740 2392; x_wconf 84' lang='lat' dir='ltr'>Susemihl.</span> <span class='ocrx_word' id='word_1_93' title='bbox 757 2361 800 2372; x_wconf 89' lang='lat'>-</span> <span class='ocrx_word' id='word_1_94' title='bbox 814 2322 911 2389; x_wconf 86' lang='lat' dir='ltr'>Unde</span> <span class='ocrx_word' id='word_1_95' title='bbox 933 2330 1077 2390; x_wconf 89' lang='lat' dir='ltr'>autunno</span> <span class='ocrx_word' id='word_1_96' title='bbox 1090 2347 1119 2390; x_wconf 88' lang='lat' dir='ltr'>a.</span> <span class='ocrx_word' id='word_1_97' title='bbox 1134 2330 1215 2390; x_wconf 87' lang='grc'>1887</span> <span class='ocrx_word' id='word_1_98' title='bbox 1235 2327 1277 2391; x_wconf 93' lang='lat' dir='ltr'>ad</span> <span class='ocrx_word' id='word_1_99' title='bbox 1287 2327 1420 2392; x_wconf 84' lang='lat' dir='ltr'>Almam</span> 
     </span>
     <span class='ocr_line' id='line_1_14' title="bbox 246 2425 1421 2521; baseline 0.001 -19"><span class='ocrx_word' id='word_1_100' title='bbox 246 2437 383 2503; x_wconf 89' lang='lat' dir='ltr'>Matrem</span> <span class='ocrx_word' id='word_1_101' title='bbox 399 2435 637 2502; x_wconf 89' lang='lat' dir='ltr'>Berolinensem</span> <span class='ocrx_word' id='word_1_102' title='bbox 655 2439 886 2519; x_wconf 84' lang='lat' dir='ltr'>transmigravi.</span> <span class='ocrx_word' id='word_1_103' title='bbox 928 2436 994 2502; x_wconf 93' lang='lat' dir='ltr'>Ubi</span> <span class='ocrx_word' id='word_1_104' title='bbox 1015 2459 1072 2521; x_wconf 91' lang='lat' dir='ltr'>per</span> <span class='ocrx_word' id='word_1_105' title='bbox 1092 2443 1157 2502; x_wconf 88' lang='lat' dir='ltr'>tres</span> <span class='ocrx_word' id='word_1_106' title='bbox 1179 2458 1278 2504; x_wconf 90' lang='lat' dir='ltr'>annos</span> <span class='ocrx_word' id='word_1_107' title='bbox 1297 2425 1421 2503; x_wconf 86' lang='lat' dir='ltr'>scholas</span> 
     </span>
     <span class='ocr_line' id='line_1_15' title="bbox 246 2546 1420 2632; baseline 0.001 -19"><span class='ocrx_word' id='word_1_108' title='bbox 246 2548 313 2614; x_wconf 88' lang='lat' dir='ltr'>adii</span> <span class='ocrx_word' id='word_1_109' title='bbox 334 2547 475 2613; x_wconf 84' lang='lat' dir='ltr'>virorum</span> <span class='ocrx_word' id='word_1_110' title='bbox 494 2546 758 2612; x_wconf 89' lang='lat' dir='ltr'>clarissimorum:</span> <span class='ocrx_word' id='word_1_111' title='bbox 779 2547 880 2629; x_wconf 90' lang='lat' dir='ltr'>Diels,</span> <span class='ocrx_word' id='word_1_112' title='bbox 902 2546 1046 2632; x_wconf 80' lang='lat' dir='ltr'>Dilehey,</span> <span class='ocrx_word' id='word_1_113' title='bbox 1069 2546 1223 2632; x_wconf 82' lang='lat' dir='ltr'>Doering,</span> <span class='ocrx_word' id='word_1_114' title='bbox 1242 2548 1420 2632; x_wconf 87' lang='lat' dir='ltr'>Kirchhoff,</span> 
     </span>
     <span class='ocr_line' id='line_1_16' title="bbox 240 2657 1421 2740; baseline 0 -16"><span class='ocrx_word' id='word_1_115' title='bbox 240 2659 398 2739; x_wconf 78' lang='lat' dir='ltr'>Paulam,</span> <span class='ocrx_word' id='word_1_116' title='bbox 419 2657 552 2740; x_wconf 89' lang='lat' dir='ltr'>Robert,</span> <span class='ocrx_word' id='word_1_117' title='bbox 577 2657 718 2740; x_wconf 85' lang='lat' dir='ltr'>Simmel,</span> <span class='ocrx_word' id='word_1_118' title='bbox 739 2658 779 2722; x_wconf 93' lang='lat' dir='ltr'>de</span> <span class='ocrx_word' id='word_1_119' title='bbox 794 2657 989 2740; x_wconf 72' lang='lat' dir='ltr'>hheitschhe,</span> <span class='ocrx_word' id='word_1_120' title='bbox 1012 2657 1150 2740; x_wconf 85' lang='lat' dir='ltr'>Vahlen,</span> <span class='ocrx_word' id='word_1_121' title='bbox 1169 2659 1285 2725; x_wconf 87' lang='lat' dir='ltr'>Zeller.</span> <span class='ocrx_word' id='word_1_122' title='bbox 1322 2659 1421 2726; x_wconf 88' lang='lat' dir='ltr'>Semi·</span> 
     </span>
     <span class='ocr_line' id='line_1_17' title="bbox 247 2767 1420 2856; baseline 0.002 -22"><span class='ocrx_word' id='word_1_123' title='bbox 247 2769 331 2834; x_wconf 90' lang='lat' dir='ltr'>narii</span> <span class='ocrx_word' id='word_1_124' title='bbox 345 2770 425 2850; x_wconf 85' lang='lat' dir='ltr'>regii</span> <span class='ocrx_word' id='word_1_125' title='bbox 440 2769 633 2854; x_wconf 84' lang='lat' dir='ltr'>philologici,</span> <span class='ocrx_word' id='word_1_126' title='bbox 646 2769 732 2851; x_wconf 90' lang='lat' dir='ltr'>quod</span> <span class='ocrx_word' id='word_1_127' title='bbox 748 2767 944 2833; x_wconf 87' lang='lat' dir='ltr'>Kirchhoffii</span> <span class='ocrx_word' id='word_1_128' title='bbox 962 2775 994 2834; x_wconf 87' lang='lat' dir='ltr'>et</span> <span class='ocrx_word' id='word_1_129' title='bbox 1005 2768 1144 2837; x_wconf 90' lang='lat' dir='ltr'>Vahleni</span> <span class='ocrx_word' id='word_1_130' title='bbox 1159 2769 1252 2836; x_wconf 84' lang='lat' dir='ltr'>floret</span> <span class='ocrx_word' id='word_1_131' title='bbox 1264 2772 1420 2856; x_wconf 84' lang='lat' dir='ltr'>auspiciis,</span> 
     </span>
     <span class='ocr_line' id='line_1_18' title="bbox 247 2879 1484 2963; baseline -0.003 -17"><span class='ocrx_word' id='word_1_132' title='bbox 247 2883 317 2963; x_wconf 85' lang='lat' dir='ltr'>per·</span> <span class='ocrx_word' id='word_1_133' title='bbox 333 2879 382 2944; x_wconf 91' lang='lat' dir='ltr'>bis</span> <span class='ocrx_word' id='word_1_134' title='bbox 407 2902 461 2945; x_wconf 85' lang='lat' dir='ltr'>ser</span> <span class='ocrx_word' id='word_1_135' title='bbox 486 2900 610 2944; x_wconf 89' lang='lat' dir='ltr'>menses</span> <span class='ocrx_word' id='word_1_136' title='bbox 641 2880 758 2944; x_wconf 90' lang='lat' dir='ltr'>sodalis</span> <span class='ocrx_word' id='word_1_137' title='bbox 787 2879 834 2944; x_wconf 89' lang='lat' dir='ltr'>fui</span> <span class='ocrx_word' id='word_1_138' title='bbox 863 2880 1052 2946; x_wconf 88' lang='lat' dir='ltr'>ordinarius.</span> <span class='ocrx_word' id='word_1_139' title='bbox 1097 2881 1154 2947; x_wconf 88' lang='lat' dir='ltr'>Ad</span> <span class='ocrx_word' id='word_1_140' title='bbox 1180 2883 1421 2948; x_wconf 87' lang='lat' dir='ltr'>exercitationes</span> <span class='ocrx_word' id='word_1_141' title='bbox 1481 2931 1484 2942; x_wconf 91' lang='grc'><em>,</em></span> 
     </span>
     <span class='ocr_line' id='line_1_19' title="bbox 240 2989 1419 3078; baseline 0.002 -22"><span class='ocrx_word' id='word_1_142' title='bbox 240 2991 470 3075; x_wconf 82' lang='lat' dir='ltr'>&#39;epigraphicas</span> <span class='ocrx_word' id='word_1_143' title='bbox 490 2989 670 3072; x_wconf 85' lang='lat' dir='ltr'>Kirchhoff,</span> <span class='ocrx_word' id='word_1_144' title='bbox 690 2989 732 3055; x_wconf 91' lang='lat' dir='ltr'>ad</span> <span class='ocrx_word' id='word_1_145' title='bbox 754 2990 921 3054; x_wconf 90' lang='lat' dir='ltr'>historicas</span> <span class='ocrx_word' id='word_1_146' title='bbox 940 2989 1044 3062; x_wconf 87' lang='lat' dir='ltr'>Klehs</span> <span class='ocrx_word' id='word_1_147' title='bbox 1066 2997 1098 3056; x_wconf 87' lang='lat' dir='ltr'>et</span> <span class='ocrx_word' id='word_1_148' title='bbox 1118 2991 1271 3076; x_wconf 88' lang='lat' dir='ltr'>Koehler,</span> <span class='ocrx_word' id='word_1_149' title='bbox 1291 2994 1333 3058; x_wconf 85' lang='lat' dir='ltr'>ad</span> <span class='ocrx_word' id='word_1_150' title='bbox 1351 2993 1419 3078; x_wconf 91' lang='lat' dir='ltr'>phi·</span> 
     </span>
     <span class='ocr_line' id='line_1_20' title="bbox 248 3100 1196 3186; baseline 0.002 -20"><span class='ocrx_word' id='word_1_151' title='bbox 248 3102 399 3185; x_wconf 84' lang='lat' dir='ltr'>lologicas</span> <span class='ocrx_word' id='word_1_152' title='bbox 421 3102 550 3169; x_wconf 87' lang='lat' dir='ltr'>Vahlen</span> <span class='ocrx_word' id='word_1_153' title='bbox 572 3101 697 3166; x_wconf 85' lang='lat' dir='ltr'>aditum</span> <span class='ocrx_word' id='word_1_154' title='bbox 720 3100 856 3183; x_wconf 85' lang='lat' dir='ltr'>benigne</span> <span class='ocrx_word' id='word_1_155' title='bbox 877 3101 956 3164; x_wconf 93' lang='lat' dir='ltr'>mihi</span> <span class='ocrx_word' id='word_1_156' title='bbox 975 3103 1196 3186; x_wconf 86' lang='lat' dir='ltr'>permiserunt.</span> 
     </span>
    </p>

    <p class='ocr_par' dir='ltr' id='par_1_3' title="bbox 247 3211 1420 3392">
     <span class='ocr_line' id='line_1_21' title="bbox 319 3211 1420 3298; baseline 0 -19"><span class='ocrx_word' id='word_1_157' title='bbox 319 3213 465 3280; x_wconf 28' lang='lat' dir='ltr'>&#39;Gratias</span> <span class='ocrx_word' id='word_1_158' title='bbox 480 3219 588 3279; x_wconf 88' lang='lat' dir='ltr'>autem</span> <span class='ocrx_word' id='word_1_159' title='bbox 609 3211 848 3278; x_wconf 89' lang='lat' dir='ltr'>candidissimas</span> <span class='ocrx_word' id='word_1_160' title='bbox 865 3233 925 3294; x_wconf 82' lang='lat' dir='ltr'>ago</span> <span class='ocrx_word' id='word_1_161' title='bbox 941 3231 1014 3278; x_wconf 92' lang='lat' dir='ltr'>cum</span> <span class='ocrx_word' id='word_1_162' title='bbox 1031 3214 1116 3296; x_wconf 72' lang='lat' dir='ltr'>siris,</span> <span class='ocrx_word' id='word_1_163' title='bbox 1134 3235 1213 3296; x_wconf 91' lang='lat' dir='ltr'>quos</span> <span class='ocrx_word' id='word_1_164' title='bbox 1232 3215 1420 3298; x_wconf 86' lang='lat' dir='ltr'>enumerari,</span> 
     </span>
     <span class='ocr_line' id='line_1_22' title="bbox 247 3321 940 3392; baseline -0.004 -1"><span class='ocrx_word' id='word_1_165' title='bbox 247 3325 393 3392; x_wconf 89' lang='lat' dir='ltr'>omnibus</span> <span class='ocrx_word' id='word_1_166' title='bbox 414 3332 483 3390; x_wconf 90' lang='lat' dir='ltr'>tum</span> <span class='ocrx_word' id='word_1_167' title='bbox 503 3323 650 3392; x_wconf 92' lang='lat' dir='ltr'>Vahleno</span> <span class='ocrx_word' id='word_1_168' title='bbox 673 3329 705 3388; x_wconf 90' lang='lat' dir='ltr'>et</span> <span class='ocrx_word' id='word_1_169' title='bbox 727 3321 940 3388; x_wconf 86' lang='lat' dir='ltr'>Kirchhoffio.</span> 
     </span>
    </p>

    <p class='ocr_par' dir='ltr' id='par_1_4' title="bbox 247 3433 1420 3613">
     <span class='ocr_line' id='line_1_23' title="bbox 334 3433 1420 3518; baseline -0.003 -15"><span class='ocrx_word' id='word_1_170' title='bbox 334 3436 505 3504; x_wconf 86' lang='lat' dir='ltr'>Societatis</span> <span class='ocrx_word' id='word_1_171' title='bbox 536 3435 736 3501; x_wconf 89' lang='lat' dir='ltr'>academicae</span> <span class='ocrx_word' id='word_1_172' title='bbox 766 3433 946 3518; x_wconf 84' lang='lat' dir='ltr'>philologae</span> <span class='ocrx_word' id='word_1_173' title='bbox 977 3435 1192 3501; x_wconf 89' lang='lat' dir='ltr'>Berolinensis</span> <span class='ocrx_word' id='word_1_174' title='bbox 1225 3434 1343 3500; x_wconf 88' lang='lat' dir='ltr'>sodalis</span> <span class='ocrx_word' id='word_1_175' title='bbox 1374 3433 1420 3500; x_wconf 84' lang='lat' dir='ltr'>fui</span> 
     </span>
     <span class='ocr_line' id='line_1_24' title="bbox 247 3547 727 3613; baseline 0 -1"><span class='ocrx_word' id='word_1_176' title='bbox 247 3548 321 3613; x_wconf 89' lang='lat' dir='ltr'>inde</span> <span class='ocrx_word' id='word_1_177' title='bbox 343 3547 384 3613; x_wconf 88' lang='lat' dir='ltr'>ab</span> <span class='ocrx_word' id='word_1_178' title='bbox 405 3553 558 3612; x_wconf 89' lang='lat' dir='ltr'>autumno</span> <span class='ocrx_word' id='word_1_179' title='bbox 581 3568 610 3611; x_wconf 88' lang='lat' dir='ltr'>a.</span> <span class='ocrx_word' id='word_1_180' title='bbox 635 3551 727 3612; x_wconf 84' lang='lat'>1888.</span> 
     </span>
    </p>
   </div>
   <div class='ocr_carea' id='block_1_3' title="bbox 0 0 1652 5086">
    <p class='ocr_par' dir='ltr' id='par_1_5' title="bbox 0 0 1652 5086">
     <span class='ocr_line' id='line_1_25' title="bbox 0 0 1652 5086; baseline 0 0"><span class='ocrx_word' id='word_1_181' title='bbox 0 0 1652 5086; x_wconf 95' lang='lat' dir='ltr'> </span> 
     </span>
    </p>
   </div>
  </div>
 </body>
</html>
