3294 5086
733 425 925 486 ..9-

239 593 278 653 77
302 611 409 655 seeum
432 623 472 648 π
494 591 641 674 fecunda,
663 596 724 657 170
748 614 862 677 corpus
883 625 925 650 ==
946 598 1068 677 pectus,
1091 598 1152 657 189
1176 614 1263 676 spem
1284 592 1417 657 excessit

237 702 353 766 sensim
374 733 416 756 =
435 702 567 786 spiritus
587 705 723 770 excessit
744 725 853 770 sensus
875 705 932 791 (=
949 703 1087 788 sensim),
1112 708 1174 770 202
1193 705 1281 788 piget
1300 709 1416 770 aurato

238 843 280 868 =
301 814 392 898 piger
412 820 545 897 aurata,
569 819 630 881 270
654 815 745 881 illum
767 847 810 870 =
831 814 906 898 ulli,
936 816 1118 881 2801611116
1140 847 1181 870 =
1204 815 1330 897 viridis,
1355 819 1417 881 302

238 924 386 990 manibus
400 956 443 980 =
465 926 609 1010 naribus,
632 931 816 993 40262616
837 929 956 1010 pagina
976 927 1055 993 dicit
1071 959 1113 982 =
1132 927 1184 994 hic
1198 927 1418 1012 rododaphne.

236 1035 338 1101 Errat
360 1042 470 1101 autem
497 1040 525 1103 si
554 1041 626 1122 quis
647 1046 744 1123 putat
774 1061 814 1106 611
840 1039 891 1106 his
920 1039 1121 1122 lectionibus,
1150 1036 1296 1124 quemvis
1318 1038 1417 1105 mirae

237 1148 318 1231 61112,
345 1147 469 1233 aliquid
497 1151 605 1235 colligi
633 1173 742 1236 posse,
776 1174 851 1217 nam
882 1154 938 1236 qui
964 1152 1119 1235 inspicere
1147 1151 1233 1234 1112,
1265 1149 1363 1217 etiam
1384 1151 1417 1215 in

237 1260 464 1327 vetustioribus
486 1262 653 1328 codicibus
674 1263 843 1330 nonnullas
865 1264 1007 1330 eiusdem
1028 1263 1154 1347 generis
1178 1262 1325 1328 inveniet.
1370 1261 1417 1327 Iis

238 1377 351 1437 contra
381 1374 558 1458 scripturis,
592 1397 683 1459 quae,
714 1397 787 1441 oum
813 1375 955 1460 aliquem
984 1397 1112 1441 sensum
1142 1373 1300 1456 efficiant,
1333 1374 1418 1439 tanti

238 1485 391 1550 momenti
413 1507 480 1550 esse
502 1487 669 1569 ridentur,
699 1493 737 1553 ut
765 1488 870 1553 obiter
892 1488 982 1571 tangi
1009 1509 1073 1552 non
1102 1486 1251 1568 debeant,
1279 1485 1418 1551 maxime

237 1596 364 1661 animus
383 1598 596 1663 attendendus
618 1606 676 1682 est,
700 1622 782 1681 cum,
804 1601 831 1664 si
852 1600 943 1666 nobis
965 1599 1138 1682 contingat,
1161 1604 1199 1663 ut
1220 1618 1331 1662 earum
1352 1596 1418 1662 sire

237 1708 393 1791 originem
416 1711 481 1775 sive
503 1715 661 1777 rationem
684 1712 899 1794 ostendamus,
921 1711 990 1777 fieri
1015 1710 1126 1794 possit,
1146 1715 1185 1774 ut
1206 1709 1246 1774 de
1266 1708 1417 1777 Vossiani

238 1820 423 1886 condicione
445 1828 569 1888 certum
589 1824 744 1889 iudicium
764 1823 919 1888 faciamus
942 1823 1224 1907 quaestionemque
1253 1817 1295 1886 ad
1321 1819 1417 1885 finem

239 1931 444 1999 deducamus.
490 1932 586 2020 Quod
615 1942 652 2001 ut
683 1934 875 2017 efficiamus,
906 1956 990 2000 nune
1011 1935 1151 2020 singulas
1178 1935 1331 2000 lectiones
1352 1955 1417 1998 6111-

237 2043 352 2127 biguas
372 2045 597 2140 examinemus.
641 2046 777 2113 Initium
806 2047 910 2113 facere
937 2047 1058 2112 libata
1079 2068 1125 2111 16.
1149 2048 1330 2127 131-134,
1361 2045 1416 2128 qui

238 2177 259 2219 6
281 2155 439 2223 Bembino
461 2164 494 2223 et
516 2157 776 2243 Cantabrigiensi
796 2161 844 2224 ita

323 2297 480 2377 posterius
503 2297 555 2362 cui
576 2295 789 2380 Demophoon
810 2303 942 2364 aeterna
964 2297 1096 2381 reliquit

322 2407 491 2490 perfidiam
511 2409 711 2475 lamentandi
732 2409 819 2475 mala
841 2409 965 2493 perfida
983 2408 1093 2474 multis

324 2518 445 2602 perfide
466 2519 680 2605 Demophoon
703 2527 735 2586 et
754 2542 838 2586 nunc
862 2519 997 2586 defende
1018 2519 1285 2604 puellis-puellam
1312 2518 1342 2582 B
1364 2540 1418 2601 mg

236 2653 257 2695 a
280 2629 439 2700 Vossiano
461 2633 546 2699 hunc
566 2634 601 2698 in
622 2633 754 2699 modum
773 2632 964 2699 exhibentur

281 2828 290 2854 ,
323 2761 481 2843 posterius
504 2763 560 2845 qui
580 2762 793 2846 Demophoon
813 2768 945 2827 aeterna
965 2760 1097 2844 reliquit

322 2873 493 2957 perfidiam
514 2873 714 2940 lamentandi
734 2874 821 2939 mala
837 2873 966 2957 perfide
987 2873 1097 2939 multis

323 2985 445 3070 11612116
464 2983 678 3070 Demophoon
698 2987 709 3050 i
731 3008 815 3052 nunc
837 2984 972 3052 defende
994 2983 1128 3068 puellas.

328 3165 429 3232 Poeta
447 3168 556 3233 lucum
578 3167 706 3232 Dianae
728 3189 874 3249 sacrum„
894 3166 929 3230 111
951 3187 1047 3250 quem
1068 3171 1180 3249 pastor
1202 3185 1312 3248 greges
1335 3185 1418 3228 com·

236 3277 332 3361 pulit,
354 3279 521 3345 describit:
548 3285 715 3345 enumerat
737 3278 868 3344 arbores
890 3284 926 3343 ut
947 3278 1109 3362 platanos,
1138 3277 1252 3357 lotum,
1283 3275 1418 3360 populos

237 3390 289 3455 161
305 3389 406 3473 alnos,
428 3392 461 3456 in
480 3412 561 3474 quas
577 3390 743 3472 Heliades,
759 3390 974 3456 Phaethontis
990 3410 1125 3470 sorores,
1145 3409 1317 3454 conversae
1333 3393 1418 3470 sunt,

237 3501 363 3566 utindc
386 3523 406 3566 a
428 3522 472 3566 16.
498 3506 559 3567 131
580 3502 797 3586 amygdalum,
822 3501 912 3567 ouius
936 3501 1072 3567 formam
1087 3500 1213 3583 Phyllis
1233 3499 1418 3584 Demopho-

240 3614 323 3677 ontis
339 3613 508 3697 perfidiam
529 3613 706 3679 lamentata
727 3613 843 3696 induit,
867 3618 1028 3679 annectat.
1071 3611 1172 3676 Haud
1195 3610 1288 3677 facile
1309 3633 1419 3677 versus

237 3723 463 3808 intelliguntur
485 3725 527 3790 ab
550 3724 770 3807 omnibusque,
799 3726 855 3808 qui
876 3726 910 3790 in
931 3725 970 3790 iis
992 3723 1239 3808 interpretandis
1262 3723 1420 3806 explican-

238 3835 351 3920 disque
368 3858 498 3921 operam
516 3842 701 3920 posuerunt,
722 3836 816 3901 valde
835 3837 943 3902 vexati
965 3843 1052 3902 sunt:
1076 3836 1172 3901 modo
1194 3837 1227 3900 in
1241 3835 1303 3901 hac
1323 3835 1417 3899 modo

236 3948 273 4012 in
287 3947 343 4012 illa
357 3969 434 4014 1666
453 3949 592 4014 editores
607 3949 780 4014 haeserunt
800 3969 903 4031 neque
917 3949 1019 4014 ullam
1034 3950 1193 4032 integram
1209 3947 1417 4031 reliquerunt,

236 4065 276 4126 ut
298 4058 465 4144 scriptura,
487 4080 585 4142 quam
601 4060 730 4142 quidem
751 4061 913 4125 novissimi
936 4061 1117 4143 effecerunt,
1141 4081 1273 4143 prorsus
1291 4083 1312 4126 a
1325 4059 1416 4140 libris

236 4172 377 4238 recedat.
431 4170 679 4238 Ooncedendum
711 4179 759 4238 est
793 4193 902 4238 versus
936 4178 974 4237 ut
1012 4171 1222 4255 dispiciantur
1259 4171 1416 4236 medelam

236 4282 397 4366 flagitare,
427 4283 546 4349 sedan
569 4284 630 4349 riri
652 4284 738 4350 docti
758 4285 790 4348 in
812 4283 851 4348 iis
879 4283 1084 4349 emendandis
1109 4283 1236 4366 longius
1258 4284 1417 4366 progressi

236 4399 312 4477 sint,
335 4395 522 4480 ambiguum
544 4401 602 4462 est.
646 4393 689 4462 Id
710 4401 820 4462 autem
846 4418 905 4480 pro
934 4402 1020 4462 certo
1048 4395 1277 4480 exploratoque
1298 4417 1416 4479 ponere
