3294 5086
720 359 931 420 ..10-

234 523 326 607 lieet,
358 547 481 591 summo
508 528 577 591 iure
607 548 716 593 omnes
744 529 777 592 in
801 549 877 593 voce
904 529 1031 612 defende
1058 526 1244 614 offendisse,
1275 550 1347 594 oum
1377 531 1411 594 in

232 636 339 702 verbis

420 738 541 821 perfide
562 738 774 823 Demophoon
798 747 830 805 et
852 763 937 806 nunc
958 740 1092 807 defende
1114 742 1230 825 puellis

234 851 395 935 particula
423 858 467 932 et,
502 871 600 933 quam
629 857 758 934 praeter
787 851 984 920 Vossianum
1014 857 1109 918 ceteri
1143 853 1220 919 libri
1249 853 1408 937 exhibent,

235 967 346 1045 aperte
368 963 517 1028 ostendat
529 963 571 1028 ad
585 963 674 1046 prius
686 963 866 1028 membrum
882 963 1017 1051 (perfide
1032 962 1257 1048 Demophoon)
1273 967 1411 1032 alterum

236 1073 398 1155 quoddam
417 1075 543 1140 annecti
558 1080 714 1158 oportere,
738 1076 826 1157 qued
841 1082 873 1141 et
887 1075 1014 1158 linguae
1035 1076 1168 1141 rationis
1185 1082 1217 1141 et
1236 1081 1411 1143 sententiae

234 1191 306 1250 arto
329 1184 454 1250 vinculo
478 1187 682 1251 coniunctum
713 1187 763 1269 sit,
796 1189 816 1251 i.
840 1209 866 1252 e.
890 1208 1115 1270 quamcunque
1145 1187 1325 1272 imperativi
1348 1188 1410 1254 lor-

235 1319 330 1379 mam,
354 1297 472 1380 quippe
494 1317 578 1377 quae
600 1319 657 1380 per
678 1306 705 1362 et
727 1299 859 1382 adiungi
889 1306 1036 1382 nequeat,
1063 1300 1235 1366 abhorrere
1261 1307 1293 1365 et
1321 1302 1410 1367 casui

233 1408 348 1494 perfide
374 1409 611 1474 convenientem
641 1411 769 1494 requiri.
815 1411 890 1496 Qua
914 1411 1172 1493 ratiocinatione,
1202 1412 1323 1497 opinor,
1356 1413 1411 1479 ad-

236 1521 352 1586 ductus
374 1521 518 1606 Scaliger
540 1522 748 1605 depravatam
783 1544 892 1588 vocem
924 1523 1052 1608 defende
1086 1529 1173 1589 recte
1204 1525 1343 1590 correxit
1377 1526 1410 1589 in

233 1633 367 1716 deflende
385 1632 604 1716 satisfecitque
619 1634 777 1700 connexui
788 1657 896 1700 rerum
905 1635 966 1700 hac
979 1635 1210 1718 emendatione,
1228 1656 1310 1717 quae
1326 1642 1410 1702 certe

238 1751 287 1810 est
301 1744 468 1824 facillima3
491 1766 565 1808 nam
590 1745 746 1829 optimum
768 1767 894 1811 sensum
909 1748 1041 1831 praebet
1055 1769 1123 1830 nec,
1143 1748 1410 1830 quemadmodum

234 1857 374 1940 genuina
393 1857 551 1941 scriptura
573 1857 606 1921 in
627 1857 781 1922 traditam
803 1858 964 1942 corrumpi
986 1860 1137 1943 potuerit,
1163 1859 1333 1925 obscurum
1352 1866 1409 1926 est.

233 1969 351 2051 Itaque
374 1991 445 2034 oum
470 1969 653 2034 coniectura
671 1969 874 2052 simplicitate
894 1991 927 2033 se
945 1971 1154 2052 commendet,
1178 1992 1297 2054 omnen,
1320 1978 1410 2054 quot

234 2087 314 2164 quot
338 2081 423 2146 hunc
452 2083 557 2147 locum
579 2087 808 2162 tractaverunt,
840 2084 872 2146 in
894 2083 1029 2164 deflende
1056 2085 1297 2164 acquieverunt,
1328 2105 1410 2148 unus

234 2193 456 2259 tantummode
477 2193 692 2258 Baehrensius
714 2199 919 2277 procreatum
942 2195 1041 2276 genus
1063 2194 1192 2258 dicendi
1222 2201 1410 2277 aspernatus

234 2305 332 2371 aliam
354 2305 440 2370 viam
461 2307 636 2387 ingressus,
658 2305 756 2370 aliam
779 2327 889 2370 versus
909 2304 1046 2370 formam
1067 2306 1233 2389 amplexus
1256 2312 1313 2389 est,
1339 2329 1412 2372 cum

235 2439 256 2481 a
276 2415 438 2484 Vossiane
460 2415 623 2500 profectus
645 2417 691 2481 sic
713 2417 810 2482 verba
833 2415 1048 2482 conformaret

413 2527 535 2612 perfide
557 2528 772 2612 Demophoon
794 2530 806 2593 i
828 2551 912 2593 nunc
934 2527 1132 2609 delendaque
1154 2529 1225 2592 vela

235 2660 431 2724 quamquam
451 2640 545 2706 valde
560 2641 682 2722 dubito,
707 2663 783 2705 num
799 2641 870 2721 quis
886 2641 969 2705 hanc
984 2641 1200 2705 coniecturam
1216 2642 1412 2724 probaturus

234 2753 285 2832 sit,
308 2773 346 2816 ac
360 2773 399 2817 ne
410 2751 437 2836 l)
453 2751 588 2817 Ellisius
605 2752 744 2836 quidem,
761 2753 817 2834 qui
831 2752 1016 2833 ceteroquin
1035 2751 1101 2816 eius
1118 2751 1272 2817 iudicium
1286 2752 1410 2834 laudat,

233 2884 383 2928 assensus
417 2868 474 2930 est.
518 2863 582 2931 Sed
615 2865 713 2928 missa
746 2862 903 2929 faciamus
929 2863 1019 2928 haec.
1063 2862 1097 2926 A
1124 2861 1278 2947 Scaligeri
1311 2863 1411 2946 igitur

236 2975 458 3040 emendatione
476 2975 536 3040 viri
551 2975 637 3039 docti
653 2977 814 3058 progressi
833 2977 1003 3059 praecipue
1026 2976 1287 3044 antecedentibus
1307 2974 1410 3040 verbis

546 3087 598 3151 cui
616 3085 829 3171 Demophoon
851 3093 982 3152 aeterna
1005 3086 1136 3168 reliquit

361 3197 529 3282 perfidiam
550 3198 747 3264 lamentandi
770 3197 855 3263 mala
879 3197 1003 3281 perfida
1025 3198 1159 3292 multis,

233 3310 357 3375 animos
393 3310 611 3376 attenderunt.
673 3310 779 3375 Fuere
819 3311 875 3391 qui
915 3314 1095 3374 statuerent
1130 3307 1254 3393 perfido
1295 3309 1411 3386 multa,

234 3423 352 3506 quippe
391 3443 473 3504 quae
510 3422 551 3486 ad
592 3421 775 3504 Phyllidem
816 3425 1013 3504 spectarent,
1056 3441 1076 3484 a
1113 3422 1192 3485 serie
1227 3441 1334 3485 rerum
1374 3440 1412 3485 ac

234 3533 457 3618 descriptionis
490 3535 592 3618 magis
626 3533 732 3598 aliena
768 3554 835 3598 esse
870 3553 967 3615 quam
1001 3537 1039 3595 ut
1067 3530 1299 3615 tolerarentur,
1335 3534 1412 3615 quia

233 3667 297 3711 non
314 3646 415 3710 solum
438 3644 591 3729 perfidiae
608 3646 767 3730 Phyllidis
787 3645 908 3710 mentio
930 3666 1003 3709 cum
1027 3643 1157 3709 consilio
1180 3649 1295 3728 poetae
1314 3643 1410 3728 plane

233 3762 400 3842 pugnaret,
431 3757 487 3822 sed
516 3759 621 3840 etiam,
652 3763 814 3840 utcunque
836 3755 1018 3824 miseranda
1043 3754 1174 3838 virginis
1201 3754 1333 3820 fortuna
1359 3756 1411 3820 de-

234 3870 438 3952 scriberetur,
469 3871 575 3935 omnia
605 3869 731 3935 silentio
753 3867 967 3953 praetermitti
989 3887 1118 3932 necesse
1140 3872 1232 3949 esset,
1263 3887 1346 3950 quae
1368 3865 1410 3930 ad

234 3984 368 4067 gloriam
391 3984 458 4048 eius
481 3982 714 4048 obscurandam
736 3980 888 4046 valerent.
931 3979 1109 4062 Propterea
1132 3980 1268 4044 maxime
1297 3977 1331 4041 in
1360 3976 1411 4041 his

234 4094 337 4160 verbis
362 4093 603 4161 haesitaverunt
625 4098 674 4174 et,
704 4113 778 4157 oum
798 4091 830 4157 in
853 4091 1017 4157 enuntiato
1041 4112 1154 4157 nomen
1176 4090 1309 4174 virginis
1330 4089 1411 4154 desi-

233 4207 399 4288 derarent,
432 4227 490 4290 pro
518 4204 638 4290 perfido
667 4205 773 4268 multis
803 4202 1005 4268 scribendum
1039 4222 1106 4268 esse
1133 4203 1259 4288 perdito
1290 4200 1412 4286 Phyllis

305 4344 327 4412 ยน)
345 4344 395 4398 the
411 4342 522 4399 omerio.
537 4343 630 4412 journ.
650 4341 682 4396 of
695 4340 765 4411 phil.
784 4341 851 4394 1882
868 4357 896 4409 p.
915 4341 975 4394 276.
