3294 5086
726 360 941 420 -30-

242 526 397 593 cultatem
423 531 539 610 poetae
568 527 732 610 propriam
762 525 934 591 dictionem
964 526 1154 591 restituendi
1182 528 1322 610 positam
1355 549 1422 592 esse

242 638 444 704 clamitantes
471 638 623 707 Vossiani
649 636 795 703 fautores
825 636 943 702 bonam
973 643 1006 701 et
1034 637 1195 720 integram
1228 640 1422 722 scripturam

243 756 424 815 ceterorum
435 748 592 814 librorum
613 750 749 813 reiciunt
771 755 803 813 et
826 769 865 812 ex
885 769 987 831 prava
1009 750 1169 814 coniciunt
1186 771 1303 832 vocem,
1327 772 1420 834 quae,

243 863 303 926 etsi
318 861 434 926 litteris
453 861 581 926 traditis
600 861 708 924 similis
725 867 782 944 est,
806 865 923 941 tamen,
939 882 1016 923 num
1033 863 1188 925 connexui
1204 883 1312 927 rerum
1330 864 1422 927 satis-

242 973 341 1037 faciat
362 979 420 1037 aut
441 973 653 1044 vetustiorum
677 972 774 1038 verbo
796 973 941 1056 superior
963 973 1014 1054 sit,
1045 994 1108 1037 non
1131 979 1255 1042 curant.
1301 973 1367 1038 Sed
1394 975 1422 1039 si

243 1086 315 1167 quis
339 1106 440 1168 aeque
463 1107 501 1149 ac
523 1086 643 1150 sincere
672 1090 705 1150 et
731 1085 821 1149 illam
851 1090 883 1149 et
908 1084 991 1149 hanc
1022 1105 1131 1149 vocem
1158 1084 1327 1168 ponderet,
1357 1106 1422 1150 non

242 1217 370 1280 vereor,
398 1219 454 1278 ne,
478 1204 553 1263 utra
583 1198 799 1281 praestantior
823 1198 880 1278 sit,
902 1196 1048 1260 haesitet.
1093 1195 1167 1260 Non
1190 1196 1261 1262 dico
1289 1197 1329 1260 de
1350 1217 1422 1260 con-

243 1329 337 1372 sensu
375 1309 520 1373 codicum
550 1311 633 1373 tetra
669 1309 904 1390 exhibentium,
939 1329 1002 1372 non
1041 1306 1081 1371 de
1110 1314 1188 1389 apta
1219 1314 1251 1372 et
1285 1307 1326 1372 ad
1353 1329 1422 1372 rem

115 1493 117 1498 ,
242 1419 359 1485 idonea
373 1419 510 1485 dictione
526 1423 618 1504 tetris,
634 1421 668 1485 id
686 1420 781 1485 modo
804 1440 1013 1485 commemoro
1028 1418 1217 1484 Baehrensii
1239 1421 1421 1484 coniectura

242 1527 330 1596 certis
359 1530 536 1614 elegantem
566 1537 598 1596 et
627 1538 794 1597 venustam
824 1532 1054 1614 oppositionem
1082 1531 1254 1597 verborum
1288 1530 1422 1595 iocunda

242 1644 339 1727 quiete
357 1648 389 1706 et
409 1645 494 1706 tetris
514 1643 661 1724 cladibus,
684 1665 768 1725 quae
790 1664 854 1707 non
872 1643 967 1708 modo
991 1644 1122 1708 consilio
1144 1664 1207 1708 non
1229 1642 1420 1726 refragatur,

242 1755 469 1819 verumetiam
491 1775 510 1818 a
532 1760 628 1836 poeta
650 1753 795 1819 consulto
819 1753 932 1820 effecta
954 1776 1022 1819 esse
1043 1755 1179 1837 videtur,
1203 1755 1372 1839 depravari
1387 1760 1421 1819 et

243 1864 388 1930 funditus
412 1866 492 1947 tolli,
515 1865 633 1930 nedum
655 1866 826 1931 emendari.
872 1866 1032 1948 Equidem
1056 1867 1144 1930 nullo
1169 1867 1240 1931 loco
1263 1867 1420 1932 confiden-

243 1979 309 2042 tius
331 1999 429 2060 quam
445 1977 505 2042 boc
527 1971 746 2059 quaestionem
768 1978 808 2043 de
826 1978 1048 2060 discrepantiis
1069 1979 1115 2043 ita
1136 1978 1260 2062 dirimo,
1283 1985 1320 2043 ut
1336 1981 1420 2042 tetris

241 2089 412 2171 genuinam
441 2109 510 2153 esse
540 2090 748 2171 scripturam,
779 2091 867 2154 catria
896 2096 1020 2172 autem,
1050 2111 1163 2155 cume
1193 2097 1226 2155 et
1253 2096 1267 2154 t
1296 2090 1420 2155 litteras

242 2201 427 2282 saepissime
448 2201 531 2265 inter
554 2222 587 2265 se
614 2207 812 2283 permutatas
835 2221 904 2266 esse
933 2200 1134 2283 exploratum
1156 2203 1205 2283 sit,
1229 2223 1269 2266 ex
1289 2203 1420 2284 propria

242 2314 326 2376 tetris
348 2312 495 2377 socordia
516 2313 639 2377 scribae
662 2312 855 2394 descriptam
877 2333 945 2376 esse
967 2312 1166 2377 contendam.

326 2424 464 2488 Etiamsi
486 2425 630 2508 singulas
651 2423 849 2507 singulorum
867 2423 1023 2488 librorum
1045 2425 1220 2506 scripturas
1237 2432 1342 2490 mente
1357 2446 1419 2489 non

242 2544 476 2619 praeoccupata
498 2537 718 2618 perpensitare
740 2534 779 2600 de
801 2537 903 2616 iisque
922 2537 956 2598 in
978 2541 1149 2616 utramque
1170 2543 1296 2618 partem
1319 2558 1419 2618 aeque

242 2646 409 2729 disputare
431 2649 463 2711 in
485 2649 590 2711 animo
612 2646 722 2728 habui,
753 2652 859 2713 tamen
889 2647 995 2711 studio
1019 2646 1164 2711 ablatum
1189 2667 1418 2730 nonnunquam

243 2779 294 2822 me
316 2765 424 2839 partes
445 2779 509 2822 non
530 2760 577 2822 ita
599 2765 636 2823 ut
660 2759 747 2823 volui
768 2760 868 2840 egisse
890 2757 1051 2839 confiteor,
1080 2759 1170 2822 ouius
1191 2760 1315 2841 peccati
1335 2780 1419 2823 nunc

242 2889 262 2932 a
283 2867 443 2933 benevolis
465 2867 623 2932 iudicibus
642 2870 775 2950 veniam,
800 2870 826 2932 si
846 2889 929 2950 quae
947 2874 1062 2950 potest,
1085 2869 1156 2934 dari
1175 2871 1267 2952 cupio
1288 2877 1320 2934 et
1340 2853 1418 2934 data

242 2999 434 3062 magnopere
455 2977 610 3060 laetabor,
634 2999 707 3043 cum
726 3000 851 3060 semper
869 2979 928 3043 sibi
950 2986 1097 3044 constare
1117 2982 1287 3063 praecipue
1309 2983 1417 3046 tironi-

242 3089 303 3155 bus
325 3089 548 3155 difficillimum
576 3111 646 3154 esse
676 3111 767 3154 nemo
798 3091 838 3154 sit
865 3091 921 3171 qui
943 3093 1074 3155 nesciat.
1118 3091 1191 3155 Iam
1215 3091 1363 3155 Bembini
1386 3099 1418 3156 et

239 3202 512 3284 Cantabrigiensis
534 3202 672 3284 pretium
695 3209 727 3267 et
750 3203 974 3266 auctoritatem
996 3202 1105 3267 stabili
1127 3195 1336 3267 fundamento
1361 3204 1417 3266 im-

237 3315 382 3396 posuisse
405 3314 497 3379 etde
521 3312 673 3380 Vossiani
696 3314 903 3394 praestantia,
928 3335 1011 3394 quae
1032 3315 1170 3396 primum
1193 3335 1212 3376 a
1236 3313 1416 3380 Schradero

238 3425 425 3508 significata,
454 3432 523 3489 tum
546 3445 566 3488 a
588 3423 784 3488 Baehrensio
806 3425 840 3487 in
861 3431 952 3489 textu
975 3424 1145 3489 statuendo
1166 3425 1336 3489 observata
1358 3431 1415 3505 est,

238 3557 387 3618 magnam
407 3543 532 3618 partem
554 3535 635 3599 adeo
656 3535 832 3600 detraxisse
854 3535 932 3598 mihi
954 3536 1072 3618 videor,
1099 3543 1136 3601 ut
1157 3537 1253 3599 huius
1274 3539 1415 3600 muneris

238 3649 339 3712 critici
362 3647 458 3712 finem
478 3646 582 3712 facere
600 3648 728 3728 possim.
766 3647 922 3711 Attamen
938 3654 975 3712 ut
996 3648 1167 3728 aequitatis
1189 3655 1297 3729 partes
1320 3648 1415 3730 plane

238 3760 421 3840 sustineam,
446 3756 613 3822 nonnullos
636 3758 722 3821 locos
737 3764 934 3838 pertractare
950 3779 1030 3841 opus
1050 3766 1107 3841 est,
1131 3759 1171 3822 de
1195 3760 1312 3841 quibus
1337 3760 1415 3842 quid

237 3870 444 3935 iudicandum
467 3871 508 3934 sit
531 3869 662 3933 etmihi
684 3867 818 3932 dubium
841 3875 889 3934 est
911 3875 943 3933 et
964 3871 1069 3935 nescio
1086 3887 1127 3932 an
1149 3869 1217 3933 ulla
1238 3868 1318 3935 fides
1340 3870 1415 3935 inde

239 3982 280 4046 ad
304 3981 498 4049 Vossianum
519 3979 687 4044 redundet.
724 3979 807 4044 Dico
824 3987 890 4045 tres
905 3980 991 4044 locos
1009 4002 1055 4045 vs.
1072 3984 1209 4061 20-21,
1235 3984 1414 4063 148-149,

238 4096 418 4175 311-312,
455 4094 511 4174 qui
541 4091 674 4155 forsitan
700 4097 787 4156 recte
817 4090 858 4154 ab
881 4090 976 4155 huius
999 4091 1115 4156 codicis
1137 4091 1318 4156 fautoribus
1348 4091 1414 4157 obi-

238 4207 373 4271 ciantur.
420 4205 550 4270 Etenim
572 4225 655 4287 quae
677 4202 892 4270 Baehrensius
921 4204 953 4267 in
981 4201 1082 4285 praef.
1104 4225 1135 4285 p.
1157 4201 1216 4266 IX
1238 4203 1413 4284 annotavit,

237 4337 277 4380 ea
292 4318 334 4381 ad
350 4323 548 4400 argumenta,
572 4335 656 4398 quae
672 4314 778 4380 adhuc
793 4314 897 4398 attuli,
920 4313 1121 4398 infringenda
1135 4315 1250 4380 idonea
1264 4336 1328 4378 non
1344 4334 1415 4379 esse
