3294 5086
658 269 784 344 ..17
829 317 872 327 ..

170 450 242 534 quis
276 448 377 514 verba
401 449 616 514 vetustiorum
644 449 792 516 codicum
821 449 934 516 leviter
960 455 1085 515 mnata
1116 469 1189 515 cum
1220 448 1356 513 lectione

168 561 360 627 recentioris
394 562 645 643 comparaverit,
672 559 768 626 facile
789 560 846 627 illa
865 561 1022 644 genuina,
1049 560 1133 626 hauc
1161 560 1356 626 correctione

169 673 296 738 scribae
319 670 465 736 effectam
495 693 563 738 esse
594 672 747 738 concedet
777 693 1000 758 summumque
1028 672 1232 738 coniecturae
1262 670 1356 736 vesti·

176 787 267 868 gium
277 784 311 848 in
321 782 560 867 praepositione
571 783 630 850 illa
645 784 682 850 de
695 790 857 868 agnoscet,
874 805 957 868 quae
973 806 1046 850 cum
1061 804 1173 848 aarum
1185 786 1356 850 moereo

175 901 226 964 dc
243 903 341 960 moute
358 897 506 960 revolvere
526 896 610 962 inter
633 917 667 962 se
689 902 868 980 repugnent
890 901 923 962 et
944 895 1161 978 adversentur,
1179 894 1356 960 sententiae

174 1007 338 1073 contraria
367 1014 471 1074 totum
500 1014 646 1074 tenorem
676 1009 868 1092 corrumpit:
905 1007 927 1074 i.
949 1030 976 1074 e.
1002 1007 1035 1073 in
1058 1005 1217 1076 Vossiano
1243 1005 1354 1070 eodem

170 1118 243 1184 loco
276 1103 466 1204 corruptela·
493 1120 591 1204 latet,
652 1143 694 1187 uo
724 1121 822 1186 ceteri
850 1119 926 1186 libri
955 1139 1065 1184 omnes
1092 1118 1264 1184 relativum
1300 1118 1355 1200 qui

170 1231 315 1314 tradunt,
348 1232 446 1315 quod,
475 1232 537 1303 nisi
558 1232 648 1316 prius
665 1231 698 1296 in
718 1231 794 1316 quid
815 1235 970 1312 mutatur,
1000 1229 1104 1295 obiter
1124 1229 1262 1295 intuenti
1282 1248 1354 1311 pra·

170 1365 246 1409 vum
275 1344 378 1409 videri
404 1345 510 1410 debet.
553 1342 641 1408 Hinc
670 1363 781 1408 revera
807 1342 927 1426 pendet
947 1347 1019 1407 tota
1040 1341 1284 1425 praepositionis
1303 1360 1355 1404 ex-

170 1455 315 1537 plicatio,
337 1475 422 1539 quae
442 1461 566 1540 aperte,
588 1454 859 1539 quemadmodum
877 1453 1029 1520 librarius
1052 1453 1085 1516 in
1104 1451 1195 1517 illam
1216 1456 1354 1516 structu·
1435 1493 1446 1508 „

170 1588 242 1632 ram
262 1567 412 1632 devenire
434 1568 586 1651 potuerit,
609 1566 759 1631 ostendit.
803 1566 935 1632 Etenim
957 1564 1093 1649 duplicis
1107 1562 1243 1645 relativi,
1266 1562 1353 1645 quod

171 1678 353 1768 paullulum
383 1679 595 1744 meditantem
622 1677 765 1743 offendat
790 1699 917 1744 necesse
939 1685 997 1760 est,
1024 1685 1173 1745 naturam
1195 1691 1267 1738 cum
1288 1694 1353 1738 non

170 1791 381 1875 perspexerit,
412 1791 520 1875 verba,
544 1812 629 1875 quae
650 1789 733 1856 falsa
752 1811 819 1856 esse
841 1792 943 1874 duxit,
964 1791 1012 1856 ita
1034 1793 1218 1860 emendasse
1239 1785 1353 1877 putan-

172 1903 233 1969 dus
256 1910 314 1986 est,
335 1910 374 1969 nt
401 1904 540 1969 alterum
562 1906 625 1989 qui,
648 1904 736 1988 quod
757 1925 815 1969 nos
832 1903 865 1968 in
880 1904 957 1989 quid
976 1904 1183 1988 restituimur,
1212 1905 1246 1970 in
1274 1906 1353 1972 inte·

170 2039 229 2100 gro
252 2016 458 2100 relinqueret,
481 2017 621 2082 alterum
642 2018 677 2082 in
696 2016 967 2109 praepositionem
987 2015 1024 2081 de
1046 2013 1272 2100 corrumperet.
1304 2017 1363 2084 Si·¹

168 2129 287 2194 militer
308 2131 407 2194 etiam
424 2130 645 2213 insequentem
668 2129 859 2213 scripturam
881 2129 960 2194 dolet
979 2128 1059 2193 nihil
1076 2129 1165 2194 aliud
1178 2130 1241 2195 nisi
1256 2131 1351 2196 inter-

169 2241 365 2323 polationem
394 2261 462 2306 esse
489 2261 554 2305 non
576 2240 812 2324 denegabimus,
840 2262 947 2325 quam,
970 2246 1008 2307 ut
1028 2247 1152 2308 rectam
1171 2247 1204 2306 et
1224 2241 1351 2307 absolu·

169 2357 237 2416 tam
264 2353 456 2417 sententiam
477 2358 672 2436 procrearet,
703 2353 871 2418 librarium
894 2352 1077 2418 adhibuisse
1099 2353 1268 2419 verisimile
1291 2360 1349 2419 est.

169 2453 287 2547 Itaque
318 2484 391 2529 cum
420 2466 518 2529 etiam
546 2465 607 2529 hoc
634 2463 780 2547 exemplo
809 2462 888 2528 fides
911 2462 1064 2530 Vossiani
1091 2464 1266 2529 lectionum
1292 2465 1349 2528 im-

170 2575 345 2657 minuatur,
372 2575 490 2640 nedum
511 2582 676 2658 augeatur,
707 2596 765 2658 ego
787 2574 883 2659 plane
903 2595 967 2639 non
988 2575 1092 2657 video,
1114 2596 1171 2641 cur
1189 2575 1248 2641 has
1269 2576 1350 2641 duas

170 2687 405 2771 discrepantias
426 2687 463 2752 de
485 2692 518 2751 et
539 2686 619 2752 dolet
641 2706 700 2750 nee
719 2707 776 2769 per
795 2707 828 2752 se
847 2686 1021 2751 admodum
1043 2687 1226 2770 probabiles
1245 2709 1349 2772 neque

168 2799 235 2864 ullo
259 2799 323 2864 alio
348 2799 530 2864 testimonio
557 2796 782 2881 comprobatas
808 2797 840 2863 in
868 2819 1036 2863 numerum
1065 2798 1348 2883 interpolationum

169 2911 328 2995 repellere
351 2916 547 2977 cunctemur.

139 3087 142 3090 .
255 3023 321 3090 Sed
345 3024 533 3106 priusquam
562 3022 656 3087 huius
683 3020 745 3086 loci
767 3021 930 3086 tractandi
951 3019 1047 3086 finem
1068 3021 1196 3105 faciam,
1227 3029 1345 3107 tempe-

168 3155 241 3200 rare
263 3134 342 3199 mihi
361 3155 425 3199 non
447 3155 586 3218 possum,
608 3134 686 3216 quin
706 3133 739 3197 in
760 3154 831 3198 eam
849 3133 1050 3216 scripturam,
1072 3154 1170 3216 quam
1185 3134 1346 3201 Baehren-
1409 3221 1410 3225 Ἰ

169 3247 233 3312 sius
253 3245 449 3312 Vossianum
476 3251 602 3311 secutus
625 3246 800 3328 proposuit,
829 3245 1006 3329 inquiram3
1037 3247 1082 3310 sic
1104 3246 1189 3309 enim
1211 3249 1345 3313 coniecit

298 3360 354 3440 qui
376 3380 488 3423 saxum
507 3357 618 3442 procul
638 3356 772 3422 advorso
792 3358 866 3422 dein
886 3362 995 3420 monte
1017 3357 1161 3439 revolvit,

297 3469 524 3552 contempsisse
547 3467 635 3532 dolet
657 3489 719 3551 quo
742 3469 871 3532 numine
891 3467 967 3532 vicit
987 3467 1113 3532 acerba.
1321 3548 1325 3558 ι

256 3579 462 3647 Auctoritate
484 3580 568 3646 illius
587 3579 663 3645 libri
684 3579 820 3644 confisus
841 3579 884 3644 ad
903 3579 1170 3662 praepositionem
1187 3580 1224 3644 de
1242 3581 1345 3646 inad-

75 3741 77 3748 ,
170 3688 314 3754 verbium
340 3691 413 3757 dein
443 3690 631 3757 mutandam
656 3691 814 3756 adductus
835 3713 908 3756 cum
933 3691 1160 3757 sententiarum
1180 3694 1343 3758 continua·

169 3799 248 3864 tioni
277 3803 386 3868 nocuit
413 3808 483 3868 tum
509 3824 585 3868 vero
613 3803 800 3886 languorem
822 3804 875 3869 vix
898 3802 1099 3868 tolerabilem
1122 3804 1240 3885 attulit,
1270 3809 1362 3882 nain¹
1421 3787 1431 3806 ⁵

167 3933 232 3976 non
258 3912 361 3978 solum
390 3915 609 3981 emendatione
634 3936 745 3979 rarum
770 3936 808 3980 ac
837 3936 938 3998 paene
967 3913 1154 3979 inusitatum
1178 3934 1277 3996 genus
1298 3913 1343 3978 di-

167 4024 259 4089 cendi
280 4027 469 4109 procreavit,
493 4027 579 4110 quod
601 4049 659 4110 pro
679 4028 840 4092 communi
862 4047 1005 4092 sermone
1033 4026 1168 4109 „deinde
1191 4023 1343 4108 Sisyphus
1403 4109 1405 4112 .

166 4136 322 4202 videndus
343 4144 400 4220 est,
423 4143 514 4202 stat.
538 4188 545 4202 .
567 4187 573 4202 .
594 4187 626 4221 .,
648 4139 703 4222 qui
722 4159 834 4204 saxum
852 4138 1008 4205 revolvit“
1021 4137 1092 4202 dein
1111 4137 1197 4202 nude
1218 4137 1341 4230 posuit:
1357 4131 1359 4136 ’

167 4247 263 4331 „dein
272 4247 425 4333 Sisyphus
441 4271 554 4315 saxum
568 4250 734 4334 revolvit“,
757 4251 813 4316 sed
834 4251 942 4333 etiam,
964 4250 998 4315 id
1013 4271 1076 4333 quo
1095 4249 1174 4314 mihi
1189 4249 1343 4332 imprimis

1172 4353 1189 4405 2
