3294 5086
717 243 927 316 -16εκ

229 432 293 475 111
322 411 369 476 111
396 416 584 494 comparata
613 411 672 493 sit,
707 417 744 476 ut
772 411 944 476 nonnullae
972 411 1056 476 aliae
1085 412 1185 476 mirae
1215 411 1408 494 eaedemque

231 520 331 587 falsae
350 520 459 587 afferri
481 523 613 606 possint,
635 522 796 587 nonsatis
817 522 965 587 idoneam
987 543 1055 586 esse
1071 522 1227 605 existimo,
1249 545 1314 605 qua
1329 522 1409 587 iudi·

231 635 316 698 cium
339 634 378 699 de
397 633 555 700 Vossianc
571 635 684 699 ceteris
704 635 852 700 omnibus
867 634 1063 718 argumentis
1084 633 1244 699 stabiliter
1263 657 1300 699 ac
1318 633 1409 698 firme

231 744 353 811 factum
379 751 592 828 pervertatur.
634 747 815 832 Propterea
845 748 922 812 viris
952 745 1055 811 doctis
1081 745 1251 828 astipulari
1273 767 1408 828 nequeo,

231 862 268 920 ut
306 878 377 922 eam
410 877 479 921 esse
507 862 622 940 poetae
651 859 837 924 elocutionis
866 859 1035 941 vestigium
1062 864 1189 940 putem,
1231 864 1268 923 ut
1297 864 1408 923 contra
1436 922 1437 925 ,

229 968 503 1050 quemadmodum
525 970 646 1035 multas
664 970 745 1036 alias
768 973 813 1035 sic
835 970 918 1034 hanc
942 969 1073 1034 oonsilio
1097 990 1136 1034 ac
1157 976 1263 1034 mente
1286 969 1410 1034 librarii

231 1079 376 1145 effectam
407 1086 438 1144 11
468 1101 525 1162 per
546 1081 651 1146 varios
670 1081 789 1164 gradus
814 1083 1023 1164 depravatam
1041 1082 1074 1145 11
1097 1087 1221 1146 textum
1245 1082 1410 1163 irrepsisse

231 1213 386 1256 censeam.
430 1189 586 1273 Quotiens
603 1193 703 1276 igitur
718 1193 779 1256 hac
801 1193 1045 1258 ratiocinatione
1061 1193 1176 1258 ductus
1194 1192 1409 1274 1111111111-

232 1324 305 1366 nem
335 1302 573 1370 diiudicandam
602 1304 737 1386 accedo,
765 1305 882 1369 totiens
912 1310 944 1368 et
974 1304 1206 1371 Baehrensium
1237 1305 1270 1388 in
1304 1323 1410 1366 errore

231 1415 353 1479 versari
373 1414 452 1478 mihi
473 1416 651 1500 persuadeo
675 1421 708 1480 et
730 1415 927 1484 Vossianum
949 1437 1010 1481 non
1032 1437 1072 1480 ex
1094 1417 1195 1480 altero
1223 1413 1408 1498 apographo

231 1526 414 1610 archetypi,
446 1528 501 1592 sed
531 1549 569 1592 ex
600 1528 711 1593 eodem
738 1549 800 1611 quo
828 1527 1022 1592 Bembinum
1051 1533 1083 1591 et
1112 1527 1409 1610 Cantabrigiensem

233 1638 362 1702 fluxisse
388 1638 607 1722 plurimasque
637 1640 868 1724 discrepantias
891 1639 980 1703 nulla
1002 1639 1067 1703 alia
1096 1660 1131 1703 re
1155 1638 1214 1703 nisi
1237 1638 1409 1720 interpola·

232 1749 318 1814 tione
341 1750 547 1834 explicandas
574 1773 641 1817 esse
669 1752 774 1817 dicere
804 1773 867 1815 non
897 1750 1018 1816 dubito.
1066 1748 1153 1832 Quin
1180 1751 1277 1815 etiam
1305 1750 1409 1814 multo

132 1947 136 1958 ,
232 1860 384 1926 fidentius
408 1862 449 1926 ad
471 1863 553 1940 hanc
575 1864 766 1927 sententiam
790 1861 890 1944 feror,
922 1884 994 1927 cum
1023 1861 1183 1926 nonnullis
1213 1861 1410 1945 argumentis

234 1975 431 2038 extrinsecus
461 1976 571 2057 petitis
600 1995 651 2038 me
678 1974 823 2039 adiuvari
849 1975 984 2040 videam.
1031 1975 1161 2038 Etenim
1191 1978 1228 2037 ut
1258 1994 1410 2039 rursusa

231 2083 423 2149 Baehrensii
444 2085 591 2167 opinione
620 2084 826 2168 progrediar,
854 2085 1091 2168 apographum,
1123 2085 1207 2150 unde
1234 2084 1411 2149 Bembinus

233 2201 266 2260 11
289 2195 563 2280 Cantabrigiensis
586 2197 674 2260 ducti
696 2203 785 2276 sunt,
815 2203 946 2280 propter
968 2202 1151 2280 temporum
1173 2198 1330 2262 rationem
1354 2200 1409 2260 111-

232 2309 315 2372 nime
330 2327 413 2372 saec.
430 2306 523 2373 VIII
544 2309 710 2374 tribuatur
728 2330 854 2374 neccsse
871 2314 936 2389 est3
961 2309 1116 2391 sequitur,
1139 2314 1175 2372 ut
1190 2309 1408 2392 archetypum,

231 2418 495 2512 fonscommunis
518 2421 655 2486 duorum
674 2419 943 2503 apographorum,
965 2421 1214 2484 vetustissimum
1229 2419 1409 2502 putandum

233 2531 283 2610 sit,
307 2550 380 2593 cum
402 2536 492 2596 aetas
513 2532 583 2614 ipsa
598 2533 781 2596 accuratius
797 2531 922 2596 definiri
938 2553 1000 2596 non
1015 2533 1127 2615 possit.
1150 2531 1204 2596 Ita
1220 2553 1288 2595 rem
1302 2533 1408 2596 animo

232 2661 266 2704 se
280 2640 468 2707 informasse
485 2644 532 2706 vir
549 2642 663 2708 doctus
685 2644 735 2707 his
755 2643 859 2706 verbis
882 2642 1082 2707 demonstrat
1107 2643 1200 2723 „huic
1223 2641 1407 2725 apographo

233 2758 383 2835 corrupto
395 2753 478 2817 alter
492 2753 578 2817 illius
590 2757 659 2818 aevi
669 2755 765 2818 homo
781 2775 874 2818 curas
886 2754 1060 2836 applicavit
1071 2755 1198 2819 criticas
1214 2775 1278 2818 non
1289 2754 1407 2818 collato

233 2863 416 2946 exemplari,
441 2864 527 2946 quod
551 2865 680 2929 iamiam
702 2867 859 2930 evanuit.“
907 2863 978 2946 Quo
1006 2869 1111 2950 posito
1141 2872 1228 2930 recte
1250 2864 1409 2930 concludi-

233 2995 323 3055 mus,
355 2997 419 3057 quo
449 2975 530 3041 illud
552 2976 709 3041 vetustius
738 2997 806 3040 esse
828 2976 978 3058 dicimus,
1009 2999 1045 3042 eo
1067 2977 1195 3043 fidelius
1219 2977 1408 3059 expressisse

232 3087 329 3151 verba
351 3093 473 3169 poetae,
493 3108 566 3151 cum
587 3093 656 3150 tam
677 3108 776 3169 prope
797 3086 839 3151 ad
861 3092 1001 3151 aetatem
1023 3089 1091 3154 eius
1114 3089 1256 3170 accedat,
1278 3094 1315 3152 ut
1329 3088 1408 3151 haec

233 3199 340 3262 omnia
369 3200 502 3280 menda,
537 3220 621 3281 quae
650 3203 778 3262 exstant
810 3236 853 3243 —-
890 3200 995 3281 cogito
1029 3221 1104 3265 sane
1133 3222 1194 3264 non
1223 3199 1263 3263 de
1285 3198 1407 3262 levibus

233 3309 412 3392 scripturis,
444 3311 500 3376 sed
523 3311 563 3376 de
585 3311 662 3375 locis
685 3311 777 3374 valde
798 3310 941 3374 obscuris
969 3349 1011 3358 —
1038 3309 1210 3393 archetypo
1237 3309 1408 3374 obtrudere

233 3421 285 3483 vix
306 3421 411 3486 liceat.
456 3423 529 3506 Qua
553 3423 592 3488 de
615 3444 713 3488 causa
735 3443 833 3505 quam
855 3427 999 3485 contorte
1017 3421 1071 3485 ille
1094 3426 1335 3504 argumentatus
1356 3421 1407 3502 sit,

232 3532 265 3595 11
288 3538 439 3614 promptu
469 3541 526 3616 est,
550 3556 626 3599 nam
649 3535 705 3618 qui
727 3533 848 3599 factum
872 3553 940 3597 esse
970 3532 1144 3616 fingamus,
1175 3539 1212 3596 ut
1242 3532 1306 3596 duo
1334 3553 1409 3614 apo-

232 3643 365 3726 grapha,
389 3665 471 3727 quae
492 3647 576 3709 inter
606 3668 639 3710 se
661 3667 726 3709 non
755 3644 941 3725 cohaerent,
971 3644 1114 3726 pristinis
1142 3643 1339 3727 temporibus
1361 3664 1409 3719 ,ex

233 3755 406 3838 archetypo
440 3754 599 3838 descripta
633 3756 761 3820 easdem
795 3753 912 3819 multas
950 3760 982 3818 et
1017 3756 1220 3838 pravissimas
1257 3755 1409 3819 lectiones

232 3867 410 3948 praebeant
432 3870 473 3948 et,
498 3867 643 3949 quamvis
660 3866 818 3930 nonnullis
828 3865 911 3936 ,locis
929 3867 1067 3930 multum
1088 3867 1217 3948 distent,
1239 3872 1357 3947 tamen,
1382 3865 1409 3929 si

233 3978 331 4043 verba
350 3977 607 4061 explanationem
629 3977 803 4041 dilucidam
824 3999 887 4042 non
910 3977 998 4061 dant,
1022 4000 1146 4060 semper
1173 3980 1251 4043 item
1273 3978 1409 4060 pessime

234 4089 347 4156 habita
369 4088 456 4155 sint?
484 4089 525 4153 Id
552 4094 636 4153 certe
661 4090 779 4153 mirum
801 4095 849 4154 est
871 4096 903 4155 et
928 4091 983 4173 qui
1006 4092 1052 4155 ita
1075 4090 1245 4172 concludit,
1274 4088 1409 4153 difficul-

234 4208 318 4267 tates
340 4223 453 4267 revera
475 4223 539 4266 non
561 4200 657 4266 tollit.
700 4201 877 4284 Propterea
898 4201 955 4265 illa
976 4200 1165 4266 Baehrensii
1188 4201 1346 4266 sententia
1369 4200 1409 4264 de
