3294 5086
724 353 925 420 ης..

353 518 410 588 sed
431 526 468 588 tu
489 519 638 607 erudelis,
660 522 798 590 crudelis
820 531 857 589 tu
878 525 990 608 magis,
1014 521 1158 610 Orphea.

429 657 458 700 v.
482 639 545 702 ³05

354 766 437 828 quae
461 747 578 814 Troiae
600 747 709 814 videre
732 748 793 813 viri
814 749 989 832 videreque
1011 747 1114 816 Graii.

224 886 262 946 ut
293 903 323 946 v.
358 888 419 947 311
454 883 516 950 lde
555 891 589 950 et
624 906 670 950 vs.
705 890 890 952 337-338
927 886 1071 952 reddidit.
1126 886 1229 952 Perre
1267 887 1405 955 alterum

225 1015 377 1077 magnum
398 995 524 1060 lucrum
546 1017 586 1060 ex
607 996 668 1062 hae
686 997 858 1064 verborum
880 999 1103 1064 coniunctione
1126 997 1270 1082 facimus,
1295 1023 1404 1085 quam,

225 1106 252 1169 si
272 1108 447 1190 sequimur,
471 1129 534 1173 nen
558 1107 731 1192 habemus,
762 1131 821 1175 cur
842 1111 926 1176 inter
946 1111 1122 1194 scripturas
1147 1113 1259 1191 puellis
1279 1113 1347 1179 Be
1372 1121 1405 1179 et

222 1219 343 1300 puellas
371 1217 403 1280 V
420 1258 463 1267 —
481 1222 621 1306 puellum
642 1221 674 1284 Β
685 1243 737 1306 mp
759 1221 962 1304 fluctuemus,
986 1223 1082 1286 imme
1100 1224 1215 1306 puellis
1235 1223 1405 1291 lectionem

226 1329 268 1394 ad
293 1331 398 1394 mullis
419 1331 555 1397 relatam
577 1333 749 1399 retinemus
777 1340 810 1399 et
832 1337 917 1399 omni
945 1335 1128 1399 coniectura
1151 1335 1268 1416 sicut¹)
1298 1336 1340 1402 U.
1364 1338 1404 1403 de

226 1440 466 1507 Wilamewituii
484 1445 604 1527 puellae
623 1465 778 1528 caremus

311 1552 408 1619 Nunc
440 1556 467 1619 si
501 1556 601 1620 totius
634 1557 697 1621 loci
724 1563 867 1622 tenerem
894 1563 928 1622 et
948 1557 1180 1623 sententiarum
1201 1580 1405 1642 progressum
1498 1559 1501 1567 ’

226 1687 351 1730 mecum
388 1673 514 1750 repnte,
547 1668 655 1751 verba,
689 1670 728 1734 de
758 1670 876 1752 quibus
908 1670 1025 1753 agitur,
1059 1673 1106 1736 ita
1138 1670 1306 1736 scribenda
1339 1693 1406 1736 esse

226 1798 350 1842 censeo.

355 1892 516 1972 posterius
538 1893 591 1956 eui
612 1892 827 1976 Demophoon
849 1898 981 1960 aeterna
1002 1894 1133 1975 reliquit

355 2003 523 2085 perfidiam
545 2002 744 2069 lamentandi
766 2006 868 2070 mala:
891 2004 1011 2088 perfide
1034 2006 1154 2086 multis,

356 2114 479 2197 perfide
501 2114 725 2199 Demophoon,
745 2122 779 2180 et
799 2138 883 2182 nunc
905 2115 1050 2181 deflende
1073 2115 1205 2200 puellis!

313 2243 446 2326 Restat,
477 2250 515 2309 ut
542 2251 797 2328 perscrutemur,
833 2245 912 2326 quid
942 2244 1018 2310 boni
1050 2245 1168 2326 quidve
1188 2245 1265 2309 mali
1287 2267 1327 2310 ex
1348 2246 1409 2312 hac

228 2354 442 2438 explicatione
468 2356 511 2421 ad
541 2363 607 2422 tres
636 2356 761 2421 codices
791 2357 959 2421 redundet.
1004 2356 1188 2422 Oriundum
1217 2363 1266 2421 est
1295 2378 1410 2422 veroa

228 2468 391 2550 scriptura
411 2467 562 2535 Vossiani
694 2453 696 2462 Α

357 2579 478 2662 perfide
498 2578 713 2662 Demophoon
736 2579 747 2641 i
766 2600 853 2642 nune
874 2577 1010 2643 defende
1030 2579 1164 2662 puellae.

230 2728 313 2788 quae
329 2707 453 2790 aliquid
471 2706 553 2773 lucis
575 2708 754 2790 quaestioni
775 2708 815 2772 de
835 2708 902 2772 eius
918 2714 1035 2772 natura
1049 2708 1163 2774 afferre
1178 2708 1314 2790 videtur,
1338 2729 1411 2772 cum

230 2841 270 2883 ex
291 2819 506 2903 discrepantia
523 2817 774 2904 perfide-perfide
793 2820 900 2883 mullis
922 2819 1002 2885 nihil
1022 2820 1171 2903 colligere
1186 2819 1292 2885 liceat.
1326 2820 1412 2886 Oen-

232 2933 375 2996 sentiunt
396 2954 506 2998 omnes
527 2933 594 2997 fere
615 2931 744 3015 defende
766 2931 974 3014 depravatam
996 2954 1104 2998 vocem
1120 2933 1153 2996 in
1166 2932 1301 3015 deflende
1315 2932 1410 2996 cerri-

230 3044 368 3127 gendam
383 3066 456 3108 eum
469 3044 668 3109 antecedenti
684 3045 829 3109 vocative
845 3043 962 3128 perfide
973 3044 1141 3109 cohaerere
1153 3042 1174 3106 i.
1190 3064 1217 3110 e.
1233 3043 1298 3108 due
1313 3064 1410 3106 mem·
1524 3107 1526 3112 .

231 3156 290 3221 bra
308 3154 424 3240 perfide
442 3155 639 3239 Demophoon
661 3161 694 3220 et
716 3165 799 3221 uuus
820 3155 955 3239 deflende
970 3157 1085 3239 puellis
1107 3177 1171 3220 nen
1191 3154 1408 3236 discernenda,

231 3267 287 3332 sed
309 3274 381 3332 arte
405 3268 530 3334 vinculo
553 3269 773 3351 coniungenda
795 3288 874 3333 esse.
918 3266 960 3331 Id
982 3289 1057 3332 vero
1080 3267 1241 3350 particula
1263 3276 1300 3350 et,
1324 3288 1408 3350 quae

231 3381 264 3445 in
283 3381 428 3464 plurimis
451 3378 542 3444 libris
565 3385 679 3461 exstat,
701 3385 775 3463 apte
798 3379 948 3461 nectitur,
968 3381 1168 3445 vehementer
1188 3386 1299 3444 centra
1325 3401 1410 3443 rum-

229 3493 318 3575 pitur
339 3491 518 3575 imperativi
539 3491 643 3562 ¹forma
672 3494 693 3573 i,
724 3512 822 3573 quam
844 3493 1023 3561 Vossianus
1045 3490 1184 3556 exhibet.
1229 3490 1325 3556 Unde
1349 3513 1404 3574 ap·

231 3610 324 3686 paret
343 3603 427 3667 hanc
445 3624 513 3668 esse
531 3625 665 3685 pravam
686 3602 853 3668 lectionem
877 3624 915 3667 ac
936 3624 977 3667 ne
1002 3602 1132 3684 dignam
1154 3603 1294 3685 quidem,
1326 3622 1411 3684 quae

232 3716 378 3799 pluribus
401 3714 561 3796 eludatur,
585 3720 622 3778 ut
644 3714 678 3778 id
699 3714 793 3778 mede
815 3714 1035 3797 indagandum
1058 3734 1126 3778 esse
1147 3713 1304 3796 videatur,
1331 3713 1410 3796 quid

232 3828 274 3892 ad
296 3849 367 3894 eam
385 3825 585 3892 efficiendam
608 3825 754 3890 valuerit.
798 3823 907 3890 Causa
929 3831 1039 3918 autem
1069 3846 1224 3889 censensu
1254 3825 1410 3906 codicum,

233 3940 289 4021 qui
309 3938 436 4023 defende
456 3937 620 4020 praebent,
637 3936 778 4001 dilucide
800 3937 979 4002 indicatur:
1010 3936 1171 4019 librarius,
1190 3958 1263 4001 cum
1283 3936 1412 4020 defende

304 4178 325 4246 ¹)
350 4194 433 4246 quam
456 4175 602 4230 Knaakius
625 4175 768 4244 ,analecta
791 4175 1112 4230 Alexandro-Romana“
1136 4193 1160 4228 a.
1184 4176 1251 4228 1880
1274 4192 1301 4243 p.
1323 4176 1358 4227 42
1381 4174 1411 4228 iu

232 4266 392 4316 transcursu
418 4266 549 4316 testatur:
588 4262 669 4315 codd.
696 4261 803 4329 puellas
826 4260 862 4330 (l)
889 4265 939 4314 aut
961 4261 1098 4330 puellam,
1127 4260 1221 4328 recepi
1248 4259 1410 4316 facillimam

233 4349 442 4406 Wilamewitzii
459 4349 683 4404 emendationem
702 4348 844 4416 „puellae“
855 4389 862 4402 .
872 4389 879 4401 .
890 4390 896 4402 .
907 4390 913 4403 .
