3294 5086
714 371 908 435 ,0.3..

223 537 262 606 iis
283 536 456 624 recedunt,
483 538 511 606 si
537 541 704 608 nonnullos
733 541 820 609 locos
849 541 1035 627 neglexeris.
1081 535 1173 625 Quae
1202 540 1408 626 quamquam<

223 653 267 718 ad
286 654 447 719 ‘carminis
480 659 606 718 textum
638 655 897 720 constituendum
930 677 994 720 non
1024 654 1161 720 multum
1194 653 1398 719 auctoritatis

224 765 355 848 habent,
373 787 445 831 cnm
468 765 593 850 singula
613 772 726 850 utpote
756 768 799 833 ad
828 775 954 833 certum
983 766 1150 833 consilium
1178 771 1342 848 congesta,
1372 763 1400 827 si

225 877 356 942 librario
373 878 546 962 rideretur,
561 884 688 944 mutata
703 885 737 944 et
752 880 952 945 conformata
966 901 1034 945 0110
1049 885 1165 944 natura
1179 884 1212 943 et
1226 878 1398 961 inceptum,

224 990 275 1054 cui
294 991 480 1076 inserviunt,
504 971 753 1058 luculentissime
773 993 1002 1073 demonstrent,
1025 997 1132 1056 tamen
1155 1011 1219 1055 uno
1242 996 1274 1054 et
1296 988 1398 1053 altero

224 1101 294 1166 loco
316 1101 359 1166 ad
381 1123 493 1167 eorum
515 1103 690 1187 scripturas
712 1104 835 1169 utiliter
856 1125 1064 1170 recurremus.

310 1212 421 1280 Aliter
441 1236 492 1281 res
515 1237 549 1281 se
571 1217 669 1281 habet
690 1216 724 1280 in
748 1217 856 1282 codice

310 1324 350 1408 V,
378 1325 539 1394 Vossiauo
570 1347 611 1390 no
641 1333 680 1392 81
713 1349 795 1393 saec.
826 1327 908 1410 XV,
941 1328 997 1410 qui
1025 1325 1219 1411 compendiis
1253 1325 1399 1409 plurimis

225 1437 363 1521 scriptus
392 1439 578 1522 saepissime
607 1462 627 1505 a
656 1441 770 1506 ceteris
798 1439 890 1504 libris
920 1440 1081 1522 discrepat
1111 1445 1144 1502 et
1171 1457 1401 1518 nonnunquam

225 1549 326 1614 alium
345 1549 411 1615 fere
432 1536 556 1616 textum
583 1554 736 1636 praebere
762 1553 898 1618 videtur.
949 1550 1098 1617 Eandem
1123 1555 1275 1615 naturam
1301 1549 1403 1614 codex

310 1661 353 1743 H,
375 1661 643 1729 Helmstadiensis
665 1687 705 1729 no
728 1670 802 1746 332,
823 1685 908 1728 nunc
930 1662 1204 1744 Guelferbytanus
1227 1682 1308 1725 saec.
1330 1659 1401 1728 XV

226 1794 304 1855 prae
326 1795 360 1838 se
382 1774 455 1856 fert,
476 1777 624 1858 quicum
642 1775 801 1842 Vossiano
825 1784 891 1842 tarn
913 1783 984 1842 arto
1011 1776 1137 1841 vinculo
1157 1773 1400 1839 necessitudinis

228 1887 415 1950 coniunctus
444 1892 501 1969 est,
533 1894 580 1970 ut,
609 1891 671 1953 etsi
696 1911 760 1954 non
789 1889 934 1955 omnibus
964 1890 1031 1953 eius
1062 1887 1247 1952 differentiis
1269 1887 1402 1970 insignis

227 2002 283 2078 est,
309 2002 417 2062 tamen
440 1999 541 2082 magis
560 2021 633 2064 curn
655 2001 716 2066 hoc
737 2001 820 2066 libro
843 2023 940 2084 quam
961 2023 1033 2066 cum
1055 2000 1212 2064 Bembino
1235 1999 1403 2066 01011110-

226 2108 377 2192 brigiensi
410 2111 599 2180 consentiat.
655 2111 795 2177 Restant
832 2115 932 2196 igitur
969 2112 1139 2178 dumtaxat
1175 2117 1240 2176 tres
1277 2110 1402 2174 codices

226 2225 330 2284 artem
352 2222 497 2286 criticam
518 2225 681 2288 exercenti
695 2223 883 2307 Bembinua
907 2224 1191 2306 Cantabrigiensis,
1213 2223 1403 2305 Vossianus,

229 2354 364 2414 quorum
378 2333 450 2398 illos
465 2357 572 2417 unam,
595 2336 679 2400 hunc
696 2336 832 2402 alteram
850 2336 1005 2402 familiam
1020 2340 1259 2419 repraesentare
1275 2335 1405 2400 fuerunt

229 2441 285 2523 qni
307 2450 479 2527 censerent,
503 2447 558 2511 sed
581 2468 643 2512 non
664 2447 773 2513 multis
794 2450 1035 2532 persuaderent,
1067 2446 1213 2528 Quorum
1228 2449 1405 2512 sententiae

229 2575 302 2618 cum
331 2561 402 2621 toto
432 2558 521 2622 coelo
552 2564 589 2621 ut
619 2559 710 2625 aiunt
730 2561 860 2643 distent,
891 2560 1167 2644 operaepretium
1190 2579 1257 2623 esse
1279 2559 1404 2623 videtur

229 2665 271 2730 ad
287 2667 370 2732 hano
391 2673 647 2754 controversiam,
669 2671 776 2754 quoad
798 2671 869 2736 fieri
890 2676 1005 2754 potest,
1028 2669 1241 2753 defligendam
1260 2670 1403 2753 aggredi,

229 2800 322 2861 quae,
345 2801 419 2844 curn
440 2782 516 2846 inde
538 2782 632 2846 simul
655 2783 808 2847 iudicium
831 2783 979 2867 pendeat,
1009 2782 1114 2846 illisne
1141 2783 1279 2850 anhuic
1302 2783 1404 2847 maior

229 2890 308 2956 fides
329 2893 478 2958 habenda
498 2894 550 2975 sit,
573 2895 761 2977 gravissima
783 2901 831 2960 est
846 2901 878 2959 01
892 2894 934 2959 ad
950 2893 1070 2959 Culicis
1086 2894 1183 2959 verba
1205 2895 1404 2959 restituenda

229 3004 361 3070 maximi
382 3004 541 3087 ponderis.
585 3005 672 3071 Nam
702 3007 729 3071 si
749 3008 894 3090 quaestio
924 3011 1032 3071 utrum
1061 3028 1173 3071 revera
1201 3007 1264 3071 duo
1286 3027 1402 3090 genera

230 3116 376 3181 codicum
399 3123 524 3181 exstent
546 3139 643 3182 necne
665 3117 814 3182 absoluta
837 3119 906 3200 erit,
938 3119 1036 3184 etiam
1064 3118 1183 3201 altera,
1209 3121 1274 3183 utri
1296 3118 1404 3201 palma

231 3227 337 3292 danda
358 3229 410 3310 sit,
435 3229 522 3293 haud
545 3229 674 3294 difficile
697 3229 865 3294 dirimetur
883 3231 980 3313 idque
1003 3230 1129 3313 efficiet,
1151 3236 1188 3294 ut
1209 3251 1328 3316 ornnes,
1349 3232 1405 3314 qui

230 3340 263 3402 in
292 3339 353 3404 hoc
383 3341 522 3404 carmine
551 3363 681 3426 operam
709 3348 844 3425 ponent,
876 3362 939 3405 non
961 3344 1026 3406 iam
1048 3343 1132 3407 inter
1160 3342 1219 3405 hos
1241 3341 1306 3404 sive
1333 3339 1404 3405 illos

230 3450 330 3516 libros
364 3450 524 3534 eligendos
563 3453 758 3519 fluctuantur
791 3454 968 3537 pedemque
1006 3452 1204 3517 confidenter
1239 3453 1405 3535 explorato

231 3566 311 3628 artis
332 3565 461 3629 criticae
491 3566 582 3648 quasi
614 3567 682 3631 1010
712 3589 750 3631 ac
780 3566 987 3630 fundamento
1009 3565 1105 3648 figere
1135 3564 1266 3648 possint.
1311 3563 1405 3628 Unde

232 3683 368 3759 apparet
390 3679 637 3742 controversiam
664 3676 794 3760 dignam
815 3699 893 3759 esse,
922 3698 1006 3760 quae
1028 3678 1210 3741 accuratius
1236 3682 1404 3741 tractetur.

233 3786 416 3854 Sententiae
439 3794 547 3854 autem
568 3810 698 3873 prorsus
720 3790 805 3854 inter
828 3811 862 3853 se
884 3788 1096 3870 discedentem
1126 3809 1206 3870 quas
1234 3789 1294 3852 viri
1319 3789 1408 3853 docti

232 3899 444 3982 protulerunt,
467 3901 578 3984 paucis
600 3906 638 3966 ut
660 3908 869 3984 exponantur,
893 3900 977 3965 duae
995 3899 1056 3964 hae
1077 3905 1168 3964 sunt:
1190 3900 1292 3965 altera
1313 3901 1345 3964 in
1369 3921 1406 3965 eo

232 4012 338 4095 posita
360 4018 419 4093 est,
442 4013 530 4096 quod
553 4034 662 4078 omnes
685 4014 811 4078 codices
834 4035 873 4077 ex
895 4034 959 4078 uno
984 4011 1158 4094 archetypo
1181 4011 1309 4077 fluxisse
1335 4034 1406 4096 pro-

232 4125 415 4207 miscueque
442 4128 618 4208 scripturas
646 4131 679 4190 01
706 4126 808 4191 bonas
839 4131 871 4189 01
900 4145 1015 4207 pravas
1045 4123 1198 4206 praebere
1223 4123 1245 4187 i.
1268 4145 1295 4188 e.
1325 4123 1406 4188 alios

232 4234 305 4300 aliis
335 4234 414 4300 locis
443 4236 640 4301 adhibendos
669 4259 772 4319 neque
793 4258 894 4300 unum
915 4234 1160 4318 praeferendum
1187 4255 1255 4298 esse
1281 4240 1406 4317 putant.

233 4345 364 4411 Etenim
384 4370 467 4432 quae
489 4349 573 4413 ratio
595 4349 679 4414 inter
700 4347 841 4432 singulos
860 4347 1073 4412 intercederet
1097 4346 1245 4411 distincte
1268 4352 1300 4411 et
1322 4346 1406 4411 clare

1224 4449 1253 4503 1*
