3294 5086
717 436 931 496 ...43-

235 626 308 670 oum
334 583 391 668 ille
419 625 477 690 pro
504 625 571 669 cere
601 607 635 670 ia
664 603 891 670 transactam
912 606 956 670 ia.
1004 604 1045 668 In
1067 603 1216 669 Bembini
1240 609 1273 669 et
1295 603 1414 670 011111-

235 716 405 800 brigiensis
430 716 590 799 scriptura
613 713 779 798 Hauptius
800 715 904 781 haesit
927 721 959 781 et
1373 721 1375 726 ’

363 849 446 892 nunc
467 849 602 910 veprum
623 827 656 891 in
678 828 785 911 gelida
809 850 904 911 saepe
927 827 1050 894 lacerta
1070 823 1152 892 latet

237 980 273 988 -
299 962 387 1024 saepe
405 940 580 1004 deteriores
604 939 679 1004 libri
701 978 743 986 -
766 940 925 1028 coniecit,
946 940 1001 1005 sed
1021 940 1083 1004 hac
1106 939 1329 1004 emendatione
1351 961 1414 1005 non

236 1073 316 1135 opus
328 1056 361 1116 et
373 1052 584 1116 vetustiorum
593 1051 914 1116 codicumlectionem
922 1051 1123 1116 retinendam
1132 1073 1199 1116 esse
1207 1050 1414 1138 Buecheler¹)

235 1165 417 1258 nuperrime
442 1163 567 1245 docuit,
599 1163 684 1228 unde
705 1163 858 1230 Vossiani
878 1164 976 1228 verba
998 1165 1163 1246 1111111111,
1186 1184 1269 1244 quae
1292 1163 1324 1228 in
1346 1185 1414 1229 sen·

235 1275 370 1340 tentiam
400 1296 463 1339 non
495 1275 574 1340 satis
596 1276 774 1358 quadrant,
804 1274 886 1340 falsa
910 1281 942 1340 et
961 1275 1098 1339 fortasse
1120 1295 1140 1337 1
1162 1273 1311 1357 librario,
1343 1298 1414 1341 cum

234 1407 301 1450 aere
318 1387 474 1472 ingelida
495 1387 562 1451 sede
584 1408 646 1452 non
667 1386 892 1469 intellexisset,
916 1385 1110 1470 interpolata
1131 1406 1200 1450 esse
1223 1387 1413 1453 concludere

235 1497 326 1562 nobis
345 1497 428 1562 licet.

320 1607 474 1674 Alterum
500 1633 630 1676 carmen
642 1662 649 1694 ,
684 1611 770 1693 quod
800 1611 916 1675 cursim
946 1609 1202 1693 perlustraturus
1230 1632 1316 1692 sum,
1350 1634 1413 1676 non

235 1721 401 1804 pauciores
424 1737 520 1804 quam
543 1721 646 1788 Oulex
669 1728 702 1787 et
723 1721 814 1805 Oopa
837 1721 1068 1804 discrepantias
1086 1720 1237 1787 Vossiani
1259 1745 1279 1787 a
1300 1724 1412 1788 ceteris

236 1833 399 1898 codicibus
422 1833 454 1898 in
477 1833 579 1916 iisque
601 1832 771 1899 nonnullas
793 1834 891 1920 etiam
913 1835 1012 1900 bonas
1036 1834 1169 1916 praebet
1190 1855 1248 1898 nec
1270 1839 1414 1900 11111111

236 1945 340 2010 scriba
362 1944 449 2009 illius
469 1944 544 2008 libri
564 1966 604 2009 ex
626 1945 863 2028 praestantiore
884 1945 972 2011 fonte
996 1945 1192 2029 descriptum
1215 1969 1284 2012 esse
1307 1947 1415 2012 Baeh-

235 2057 359 2122 rensius
372 2056 535 2121 iudicavit.
568 2056 802 2140 Praeterquam
817 2058 903 2141 quod
919 2059 952 2121 in
968 2056 1128 2123 Vossiano
1148 2058 1229 2123 duas
1243 2059 1413 2124 verborum

235 2169 478 2235 transiectiones
501 2176 534 2234 et
555 2169 588 2233 in
610 2193 638 2233 v.
656 2175 673 2233 5
699 2172 811 2248 sessim
833 2172 887 2234 oili
907 2191 966 2254 pro
987 2171 1041 2234 vili
1063 2171 1173 2233 sensim
1197 2175 1229 2234 et
1249 2171 1283 2233 in
1299 2192 1327 2234 v.
1352 2174 1413 2235 116

234 2288 300 2345 tara
328 2282 434 2366 digitis
464 2281 588 2344 demam
616 2303 674 2364 pro
705 2288 771 2344 tam
804 2282 929 2346 demam
958 2282 1064 2366 digitis
1094 2281 1290 2364 invenimus,
1322 2303 1415 2348 verae

234 2392 472 2457 emendationes
495 2413 563 2457 esse
585 2393 734 2459 videntur
754 2394 832 2458 bae:

319 2503 358 2568 In
386 2526 415 2568 v.
447 2509 466 2568 3
496 2503 593 2568 011111
621 2525 730 2570 omnes
760 2505 835 2570 libri
862 2505 933 2588 apri
962 2502 1112 2584 tradunt,
1143 2502 1323 2571 Vossianus
1353 2506 1414 2568 orti

236 2616 291 2701 (=
306 2616 407 2702 horti)
429 2615 538 2696 habet,
563 2638 646 2698 quae
669 2617 838 2682 diversitas
861 2614 948 2679 haud
970 2613 1066 2678 dubie
1082 2615 1213 2680 consilio
1230 2614 1341 2680 effecta
1357 2621 1414 2696 est,

234 2749 307 2792 oum
336 2727 410 2792 inde
439 2749 508 2793 av.
529 2734 566 2792 61
596 2734 694 2811 poeta
726 2728 766 2792 de
798 2727 913 2795 Simuli
942 2727 1035 2790 horto
1067 2725 1219 2810 loquatur
1250 2726 1291 2792 ob
1317 2726 1413 2809 idque

234 2842 349 2922 ipsum,
371 2845 408 2904 111
429 2840 564 2922 videtur,
586 2839 737 2906 librarius
759 2841 898 2922 hortum,
922 2860 985 2902 non
1008 2861 1121 2922 agrum
1137 2839 1250 2904 rustici
1265 2839 1413 2922 exiguam

234 2951 465 3034 possessionem
481 2950 642 3016 definitius
659 2974 727 3018 esse
742 2952 888 3018 voluerit.
919 2948 1073 3040 Alterum
1084 2951 1207 3033 insigne
1219 2951 1410 3034 exemplum,

235 3063 321 3145 quod
343 3062 467 3128 scribae
485 3065 676 3129 correctioni
699 3064 845 3146 debetur,
868 3063 1007 3128 occurrit
1029 3063 1061 3126 in
1083 3083 1128 3126 vs.
1153 3065 1191 3126 13

362 3175 491 3240 tandem
513 3181 666 3260 concepto
691 3177 747 3242 sed
766 3176 822 3240 lux
843 3175 966 3258 fulgore
987 3173 1109 3239 recedit

236 3284 414 3353 Vossianus

363 3399 494 3464 tandem
519 3406 670 3482 concepto
695 3399 847 3464 tenebrae
866 3398 992 3482 fulgore
1014 3397 1168 3464 recedunt

306 3657 326 3726 ¹)
345 3656 375 3709 in
393 3655 447 3709 Rh.
466 3655 505 3709 M.
523 3673 548 3708 1.
567 3658 634 3710 1890
651 3675 678 3726 p.
697 3659 762 3710 323:
1243 3705 1247 3726 ,

303 3761 330 3796 v.
347 3744 381 3796 28
400 3732 491 3810 „nunc
509 3761 574 3797 vere
592 3743 622 3796 in
641 3743 735 3814 gelida
753 3739 817 3796 sede
834 3743 939 3796 lacerta
956 3741 1042 3795 latet“
1064 3759 1130 3812 crgo
1150 3742 1217 3796 alias
1235 3743 1310 3802 idem
1328 3743 1412 3796 iacta-

235 3831 281 3881 tur
299 3827 375 3882 11110.
411 3827 501 3881 Velut
518 3828 683 3898 Vergiliana
700 3846 819 3897 persona
837 3829 866 3881 in
886 3827 970 3880 Alexi
992 3826 1049 3895 v.J'9
1073 3846 1171 3895 „nunc
1195 3829 1295 3897 inquit,
1321 3829 1412 3882 occul·

234 3919 298 3968 tant
315 3915 424 3984 spineta
436 3915 571 3969 lacertos“
596 3932 628 3968 10
647 3915 748 3968 deinde
770 3934 795 3968 v.
818 3915 852 3966 66
874 3914 1048 3982 vespertinae
1072 3914 1172 3982 quietis
1196 3919 1224 3967 et
1246 3915 1311 3968 solis
1334 3916 1412 3968 dece-

234 4001 325 4054 dentis
341 4001 491 4071 imaginem
508 4005 707 4071 repraesentat,
726 4006 832 4054 utnon
850 4005 908 4054 tam
925 4018 990 4054 vere
1008 4000 1080 4053 illud
1099 3999 1133 4054 de
1151 4001 1227 4053 horis
1246 4001 1408 4054 meridianis

235 4087 337 4140 dixisse
355 4087 485 4141 videatur
504 4106 586 4156 quam
604 4087 725 4156 figurate
745 4086 779 4140 de
798 4090 875 4140 aestu
894 4091 922 4140 et
940 4085 1155 4156 refrigeratione
1179 4087 1292 4154 amoris;
1317 4091 1412 4140 utrum

238 4171 355 4242 Vergilii
373 4173 590 4241 descriptionem
608 4174 653 4226 hio
671 4177 755 4241 pocta
776 4173 929 4241 respexerit
953 4173 1041 4241 (certe
1064 4171 1106 4224 illi
1130 4171 1242 4239 quidem
1266 4177 1412 4242 acceptum

234 4257 321 4311 refert
346 4259 495 4327 superioris
522 4275 616 4312 versus
635 4259 740 4312 exitum
763 4257 879 4312 arbusta
905 4257 1028 4324 cicadae)
1058 4276 1093 4310 an
1118 4274 1188 4325 quae
1215 4258 1270 4311 alia
1293 4263 1353 4311 tum
1378 4258 1413 4312 de

233 4343 352 4397 bestiola
369 4363 440 4414 vaga
458 4348 487 4398 et
505 4361 624 4412 nequam
643 4347 755 4398 cantata
773 4348 822 4398 aut
839 4361 965 4399 sermone
983 4344 1051 4406 trita
1070 4342 1186 4410 fuerint,
1211 4361 1319 4412 nequeo
1345 4344 1411 4399 satis

235 4427 391 4497 decernere,
409 4434 522 4484 tentum
539 4430 628 4484 sentio
648 4430 752 4500 optimc
769 4430 872 4484 babere
890 4429 950 4485 sede
968 4447 1019 4484 nec
1037 4429 1109 4483 male
1126 4445 1194 4486 vere.
