3294 5086
706 355 919 416 ..35-.

226 522 377 589 librarius
416 523 458 590 ad
487 528 610 588 rectam
638 521 775 588 formam
804 521 866 586 Ida
896 544 955 605 pro
986 522 1097 607 Daque
1129 521 1327 606 pervenerit,
1356 519 1402 584 in-
1494 505 1496 511 ’

227 634 361 718 telligat.
416 635 499 700 Mihi
540 633 670 718 quidem
708 634 825 700 mirum
865 639 914 699 est
951 656 1024 699 cum
1060 634 1122 699 hoc
1163 632 1342 716 exemplum
1381 653 1402 696 a

226 745 422 813 Baehrensio
444 748 478 812 in
500 768 592 812 usum
613 768 677 811 non
695 746 850 813 collatum
877 766 944 810 esse
966 751 1036 810 tum
1058 768 1132 811 vero
1154 745 1305 814 Vossiani
1328 744 1402 809 scri·

226 856 302 922 bam
331 861 498 943 proprium
526 857 717 924 vocabulum
744 857 910 940 exhibere,
944 858 972 923 si
1003 859 1086 924 huno
1116 859 1234 924 librum
1266 878 1306 921 ex
1338 856 1401 920 alio

226 968 315 1034 fonte
338 991 376 1035 ac
396 969 589 1036 Bembinum
611 975 644 1035 et
667 968 965 1054 Cantabrigiensem
993 969 1198 1053 reliquosque
1224 989 1331 1034 omnes
1353 989 1402 1033 co-

226 1080 311 1146 dices
337 1080 466 1148 fluxisse
495 1103 657 1166 negamus.
710 1081 782 1148 Sive
804 1082 902 1165 igitur
921 1080 983 1145 Ida
1007 1082 1072 1145 iam
1093 1081 1229 1164 invenit,
1261 1082 1325 1146 sive
1344 1101 1401 1144 suo

225 1177 352 1277 ingenio
376 1197 495 1278 optime
516 1194 680 1278 conclusit,
703 1199 795 1277 grato
817 1193 922 1258 animo
945 1192 1029 1257 hano
1050 1192 1218 1258 lectionem
1240 1197 1402 1276 acceptam

225 1304 393 1371 referimus
421 1328 480 1372 nec
508 1306 633 1372 silentio
656 1305 941 1389 praetermittimus
963 1325 1036 1369 vere
1059 1304 1297 1370 memorabilem
1325 1324 1401 1386 esse,

227 1438 433 1501 quamquam,
458 1419 514 1502 qui
538 1419 683 1484 acumine
703 1418 818 1482 mentis
845 1417 1011 1500 praeditus
1037 1415 1088 1480 vel
1116 1415 1332 1498 interpolandi
1353 1415 1402 1480 vel

227 1528 418 1594 emendandi
444 1529 588 1595 laborem
617 1530 729 1612 subiit,
760 1530 788 1595 ei
818 1530 1031 1595 coniecturam
1056 1527 1117 1591 ida
1144 1549 1202 1611 pro
1224 1528 1335 1612 Daque
1364 1548 1403 1591 ex

228 1643 308 1707 serie
330 1641 561 1706 sententiarum
588 1639 799 1706 difficiliorem
820 1640 916 1706 fuisse
939 1661 1037 1724 quam
1063 1645 1100 1703 ut
1130 1639 1280 1722 denegari
1303 1640 1403 1722 possit

225 1775 290 1818 non
316 1753 496 1836 putandum
526 1756 584 1817 est.
634 1751 709 1816 Hoc
739 1751 837 1834 igitur
865 1756 1088 1835 argumentum
1111 1753 1166 1833 qui
1187 1751 1231 1816 ad
1253 1750 1403 1819 Vossiani

225 1865 322 1929 fidem
350 1863 581 1930 defendendam
606 1863 769 1944 attulerit,
804 1864 884 1927 bene
906 1861 1034 1943 afferet,
1064 1861 1119 1926 sed
1149 1868 1261 1954 cetera
1286 1863 1402 1942 omnia,

226 1996 309 2057 quae
351 1974 391 2039 de
432 1975 516 2040 vitiis
558 1977 625 2039 eius
666 1974 730 2038 iam
771 1977 990 2056 exposuimus,
1034 1995 1051 2038 e
1092 1958 1299 2038 fundamento
1339 1993 1403 2036 non

226 2087 360 2153 disiciet.

311 2196 408 2262 Nunc
432 2197 474 2262 ad
503 2202 680 2262 extremum
709 2216 766 2260 nos
795 2201 904 2260 manet
933 2197 1079 2277 quaestio
1108 2196 1148 2261 de
1170 2197 1209 2260 iis
1228 2195 1402 2278 scripturis,

226 2308 364 2392 quaein
385 2306 543 2373 Bembino
566 2328 604 2372 ac
626 2305 885 2390 Cantabrigiensi
908 2312 940 2370 et
960 2306 1120 2374 Vossiano
1142 2328 1273 2390 prorsus
1295 2306 1402 2371 variae

227 2426 364 2503 exstant,
396 2419 452 2485 sed
480 2421 537 2500 ita,
570 2424 608 2482 ut
630 2419 763 2500 alterae,
794 2419 937 2502 quamvis
960 2439 1052 2483 voces
1081 2441 1138 2502 per
1161 2440 1194 2482 se
1220 2441 1283 2483 non
1304 2417 1401 2483 falsas

225 2533 410 2616 praebeant,
433 2537 541 2597 tamen
563 2553 582 2596 a
604 2539 698 2613 poeta
719 2531 954 2596 abiudieandae
976 2531 1049 2595 sint.
1095 2531 1185 2614 Quas
1208 2552 1281 2596 cum
1304 2551 1401 2613 supra

230 2645 491 2725 enumeraverim,
521 2663 585 2706 non
608 2648 890 2726 omnesrepetam,
920 2642 1109 2726 praesertim
1135 2663 1208 2706 curn
1230 2642 1402 2709 nonnullae

226 2755 442 2839 disputatione
472 2752 565 2817 facile
592 2759 722 2818 careant
752 2753 839 2819 velut
868 2775 897 2819 v.
930 2757 969 2816 12
997 2755 1095 2818 vestri
1123 2786 1165 2808 =
1194 2754 1309 2835 nostri,
1338 2757 1399 2818 270

226 2866 317 2931 illurn
338 2898 380 2920 =
402 2863 476 2946 ulli,
508 2867 569 2928 302
594 2865 742 2928 manibus
764 2896 805 2918 ==
825 2864 970 2929 naribus.
1019 2862 1207 2930 (lateranum
1235 2887 1310 2931 vero
1339 2865 1400 2930 dis-

226 2977 389 3059 crepantia
417 2975 450 3039 in
477 2996 572 3039 versu
603 2979 642 3040 18
669 2978 802 3039 nemoris
829 3013 871 3022 -
901 2978 999 3040 toticis
1029 2982 1077 3040 est
1106 2975 1399 3041 animadvertenda.

226 3086 329 3152 Poeta
355 3085 501 3153 Naiadas
531 3087 666 3151 advocat
695 3085 791 3150 deum
820 3086 935 3151 choreo
964 3086 1137 3169 plaudente
1169 3124 1211 3133 -
1243 3109 1320 3152 nam
1353 3086 1399 3152 sio

225 3197 428 3263 scribendum
448 3218 517 3263 esse
539 3197 664 3262 videtur
687 3199 728 3244 -’
747 3196 955 3277 celebrantes,
978 3218 1057 3278 quas
1077 3197 1178 3263 Pierii
1199 3200 1298 3263 laticis
1311 3196 1400 3260 decas

226 3309 376 3393 appellat.
421 3310 486 3375 Pro
513 3309 573 3374 hac
595 3310 773 3375 elocutione
802 3311 882 3373 mire
910 3309 943 3372 in
963 3307 1123 3376 Vossiano
1148 3310 1246 3375 Pierii
1268 3311 1400 3374 nemoris

224 3420 315 3486 decus
344 3422 496 3506 scriptam
525 3421 677 3505 legimus,
704 3442 787 3503 quae
816 3426 902 3486 certe
930 3420 1034 3486 minus
1067 3443 1173 3486 errore
1202 3443 1300 3504 quam
1329 3429 1400 3486 con-

225 3532 296 3597 silio
320 3539 391 3598 orta
413 3538 470 3598 est.
516 3532 678 3597 Nimirum
697 3531 842 3596 Pierium
863 3553 975 3596 nemus
1000 3538 1087 3597 recte
1118 3533 1235 3598 dieitur
1264 3535 1342 3597 item
1362 3535 1400 3594 ut

225 3644 335 3709 Pieria
358 3644 482 3725 domus,
506 3664 658 3725 quercus;
683 3642 739 3708 sed
757 3643 808 3708 hio
824 3643 1000 3726 quaeritur,
1021 3650 1095 3708 utra
1112 3645 1272 3727 scriptura
1286 3650 1400 3726 poetae

226 3746 402 3838 conveniat,
425 3776 484 3819 nec
499 3754 633 3819 dubium
655 3760 713 3838 est,
737 3756 814 3838 quin
837 3755 880 3818 ad
894 3754 1040 3819 Naiadas
1058 3756 1152 3819 modo
1166 3754 1296 3820 Pierius
1311 3755 1401 3819 latex
1439 3785 1445 3796 ·

225 3873 300 3950 apte
321 3872 470 3950 ponatur,
501 3865 637 3930 eundem
665 3865 731 3930 fere
758 3867 791 3928 in
812 3865 944 3930 modum
967 3866 1000 3929 in
1022 3866 1132 3931 Aetna
1162 3867 1302 3938 carmine
1323 3866 1400 3949 legi-

224 4000 296 4044 mus
317 4001 362 4046 vs.
383 3983 466 4044 6-7
1087 3983 1088 3988 ’

770 4095 940 4171 tecumque
962 4083 1103 4154 faventes

352 4203 385 4265 in
405 4221 489 4266 nova
511 4200 619 4265 Pierio
641 4207 810 4283 properent
830 4222 851 4265 a
872 4199 960 4265 fonte
981 4221 1104 4266 sorores

349 4331 427 4378 rura
447 4363 454 4379 .
471 4361 479 4377 .
498 4359 533 4378 ..
