3294 5086
701 397 916 458 ..25-

216 584 313 630 manu
334 567 481 630 versatur
502 564 545 652 (v.
569 563 658 652 296),
679 567 713 631 in
735 587 845 632 eorum
869 587 1001 634 numero
1022 566 1070 633 ita
1092 566 1223 650 assidet,
1253 570 1291 631 ut
1309 564 1400 632 baud

216 675 366 741 ultimum
381 675 488 741 locum
502 676 658 760 obtineat,
674 677 725 743 vel
740 680 858 762 potius,
882 684 920 744 ut
940 680 1055 745 ceteris
1077 679 1224 746 omnibus
1244 683 1400 760 tanquam

216 786 339 870 gloriae
360 787 412 852 sit.
457 785 500 852 Id
526 788 677 853 nimirum
701 810 811 856 omnes
835 789 1021 856 coniciendo
1044 790 1169 856 efficere
1196 789 1400 868 studuerunt,

216 898 272 964 sed
294 898 374 964 nihil
396 897 603 966 emolumenti
627 903 715 967 nacti
736 905 822 984 sunt,
847 923 923 966 nam
946 902 975 966 si
996 901 1167 968 lectionem
1181 901 1401 985 antiquiorum

216 1010 372 1075 librorum
395 1011 489 1075 sociat
518 1010 556 1076 da
581 1013 684 1097 paria
707 1015 797 1078 sortis
818 1012 1086 1096 contemplamur,
1114 1013 1208 1079 facilc
1230 1010 1310 1095 quid
1333 1011 1400 1074 veri

216 1122 250 1186 in
283 1143 321 1186 ea
352 1120 455 1188 lateat
474 1123 693 1207 ,perspicimus
724 1123 745 1188 i.
776 1145 804 1190 e.
839 1125 1033 1207 scripturam
1067 1124 1226 1190 editorum
1255 1127 1399 1189 veterum

216 1237 339 1299 rectam
360 1255 430 1299 esse
452 1233 545 1300 nobis
567 1235 808 1317 persuademus,
829 1257 1005 1319 quaecum
1030 1256 1170 1318 sensum,
1199 1257 1296 1319 quem
1319 1234 1400 1299 desi·

217 1345 376 1427 deramus,
401 1345 541 1426 „assidet
561 1347 611 1428 iis,
634 1348 691 1430 qui
713 1347 825 1412 eadem
848 1353 934 1412 sorte
955 1348 988 1413 in
1011 1348 1086 1414 sede
1108 1348 1234 1432 piorum
1252 1348 1296 1435 (v.
1321 1343 1399 1430 295)

216 1457 330 1523 sociati
351 1463 529 1540 versantur,
559 1463 715 1542 tanquam
744 1459 897 1524 honorem
918 1460 968 1525 vel
988 1459 1288 1544 gloriam.parans“
1316 1455 1399 1521 bene

217 1569 360 1652 praebet.
405 1569 558 1638 Vossiani
577 1577 690 1636 contra
712 1571 817 1653 lectio,
840 1571 959 1654 quippe
978 1592 1062 1654 quae
1083 1576 1185 1637 metro
1200 1569 1398 1655 repudietur,

217 1680 297 1744 nihil
311 1681 533 1763 praestantiae
554 1683 587 1747 in
609 1705 643 1748 se
663 1683 761 1749 habet
777 1705 816 1748 ac
836 1704 875 1748 ne
896 1682 1033 1749 divinari
1054 1683 1185 1767 quidem
1199 1683 1276 1747 licet
1295 1680 1399 1763 ipsam

217 1812 256 1857 ex
278 1791 415 1874 genuina
439 1798 549 1859 natam
572 1814 649 1875 esse,
673 1793 728 1859 sed
750 1800 787 1859 ut
808 1800 957 1878 putemus
979 1800 1157 1861 commovet
1176 1792 1310 1860 librario
1327 1812 1399 1856 eam

217 1901 343 1985 deberi,
392 1904 448 1987 qui
488 1905 539 1970 vel
580 1904 726 1971 socordia
766 1910 903 1972 societate
944 1908 1088 1973 exaravit
1125 1907 1192 1989 vel,
1236 1904 1270 1970 id
1311 1902 1399 1985 quod

216 2016 380 2097 maiorem,
404 2018 533 2101 opinor,
561 2016 657 2082 fidem
679 2017 791 2100 babet,
822 2019 960 2084 traditas
982 2019 1125 2100 litteras,
1154 2038 1234 2100 quas
1260 2036 1324 2080 non
1353 2014 1398 2078 in-

216 2126 388 2210 telligeret,
415 2129 480 2193 suis
509 2129 634 2194 innisus
659 2129 780 2195 viribus
806 2130 893 2195 facili
920 2130 1048 2213 negotio
1079 2130 1225 2194 mutavit.
1271 2123 1399 2209 Quarta

216 2238 353 2322 denique
369 2261 432 2305 non
453 2245 522 2305 tam
536 2239 712 2307 difficultas
730 2262 829 2324 quam
850 2240 1031 2307 differentia
1052 2242 1138 2305 inter
1151 2239 1342 2305 vetustiores
1365 2242 1398 2302 et

215 2351 424 2416 recentiorem
445 2351 564 2418 librum
586 2354 618 2416 in
641 2357 783 2418 extremo
804 2375 898 2419 versu
920 2359 1035 2435 exstat,
1066 2351 1122 2417 ubi
1143 2351 1193 2416 illi
1211 2352 1346 2434 referees
1377 2370 1398 2412 a

216 2462 345 2527 novibus
373 2465 459 2548 ignes
483 2463 634 2550 Phrygios
663 2471 749 2528 torua
771 2465 897 2548 feritate
921 2465 1072 2549 repulsos,
1102 2463 1154 2528 hio
1175 2464 1330 2546 referens.
1346 2510 1353 2525 .
1367 2507 1395 2525 ..

212 2575 339 2659 feritate
357 2576 465 2660 refusa
486 2575 598 2640 tradit.
635 2575 755 2641 Utrum
775 2597 850 2642 xero
872 2579 1007 2661 repulsos
1023 2597 1065 2641 an
1081 2577 1188 2659 refusa
1209 2571 1396 2652 scribamus,

214 2687 373 2769 quaestio,
400 2687 459 2751 etsi
486 2687 529 2752 ad
551 2707 728 2752 connexum
758 2709 866 2753 rerum
889 2709 952 2753 non
975 2687 1112 2753 multum
1134 2687 1260 2767 attinet,
1288 2690 1396 2750 tamen

214 2798 257 2862 ad
279 2797 536 2863 aestimationem
557 2798 715 2864 librorum
738 2805 787 2865 est
811 2805 1039 2884 argumentum
1061 2821 1125 2865 non
1147 2797 1396 2881 despiciendum.

213 2907 300 2974 Nam
334 2914 372 2973 ut
410 2908 494 2975 hane
532 2911 782 2976 controversiam
818 2912 860 2977 ad
886 2918 1019 3004 ,eertum
1055 2911 1150 2976 finem
1189 2909 1395 2990 deducamus,

214 3020 384 3102 quidesse
407 3026 512 3104 potest
535 3023 718 3105 exoptatius
748 3043 846 3105 quam
868 3029 905 3088 ut
928 3023 1037 3088 multis
1061 3023 1139 3087 locis
1163 3021 1197 3085 id
1219 3019 1396 3085 diiudicare

213 3132 320 3215 liceat,
342 3131 596 3198 vetustiorumnc
618 3134 764 3200 codicum
791 3157 832 3200 an
854 3134 1038 3200 recentioris
1060 3133 1155 3199 lectio
1184 3129 1395 3216 praeferenda

213 3241 280 3309 sit?
306 3243 402 3311 Nunc
422 3265 497 3310 vero
520 3266 578 3329 pro
601 3250 687 3310 certo
710 3245 865 3312 habemus
887 3245 1078 3312 refundendi
1099 3264 1209 3310 vocem
1237 3263 1396 3325 nusquam

212 3356 246 3420 in
274 3357 338 3421 vim
364 3356 533 3440 reiciendi,
565 3359 721 3439 impetum
751 3358 926 3442 repellendi
955 3363 1120 3441 acceptam
1153 3355 1305 3435 inveniri3
1338 3359 1396 3419 aut

213 3468 344 3555 propria
366 3467 597 3551 significatione
622 3473 680 3533 aut
702 3490 762 3552 pro
783 3469 909 3534 reddare
931 3474 988 3534 aut
1010 3468 1155 3549 maxime,
1186 3468 1213 3532 si
1234 3467 1396 3550 passivum

212 3580 352 3663 ponitur,
374 3601 433 3664 pro
450 3579 642 3664 protendere,
659 3582 797 3664 proicere
817 3586 1012 3665 usurpatam
1034 3580 1180 3663 legimus.
1215 3576 1307 3662 Quae
1322 3599 1395 3644 cum

211 3693 258 3755 ita
281 3691 354 3772 sint,
376 3713 440 3756 non
460 3696 567 3776 potest
588 3691 676 3758 credi
696 3697 825 3777 poetam
846 3691 991 3758 hocloco
1007 3691 1163 3757 vocabulo
1178 3693 1286 3776 refusa
1301 3712 1395 3756 usum

213 3823 297 3882 esse3
329 3802 385 3867 sed
412 3801 570 3886 fingamus
600 3802 804 3868 nihilosecius
832 3804 963 3869 subesse
984 3804 1081 3869 verbo
1103 3803 1293 3869 refundendi
1322 3824 1395 3868 eum

212 3934 352 3996 sensum,
376 3935 471 3996 quem
495 3912 648 3981 Vossiani
674 3915 834 3999 scriptura
865 3915 1008 3999 flagitat:
1038 3937 1143 3981 nonne
1166 3917 1274 4000 affuso
1295 3916 1327 3979 in
1348 3919 1395 3979 te-

210 4045 321 4090 norem
343 4025 573 4090 sententiarum
595 4027 697 4092 multo
719 4027 824 4091 minus
847 4048 945 4110 quam
967 4029 1103 4112 reputas
1125 4026 1288 4109 quadrare
1309 4026 1395 4091 vide-

211 4135 289 4202 tur?
311 4158 353 4202 an
375 4142 526 4222 putamus
548 4139 591 4202 ad
613 4137 743 4203 laudem
766 4159 806 4203 ac
824 4137 1044 4204 fortitudinem
1067 4139 1179 4204 Aiacis
1201 4157 1394 4222 exaggerem

212 4249 288 4314 dam
309 4257 395 4315 torva
410 4251 536 4334 fabata
551 4251 668 4336 refusa,
691 4271 774 4333 quae
793 4251 893 4316 verba
907 4272 973 4316 non
987 4256 1056 4316 tam
1075 4249 1117 4315 ad
1136 4271 1238 4316 unum
1253 4249 1393 4333 aliquem

210 4367 357 4445 spectant
386 4383 484 4446 quam
511 4363 658 4429 universe
686 4362 774 4428 dicta
802 4364 896 4446 quasi
924 4368 1083 4449 vagantur
1090 4413 1099 4448 ,
1129 4365 1231 4451 magis
1263 4361 1393 4431 consilio
