3294 5086
649 355 865 414 ..31-

168 517 323 582 existimo.
357 517 563 601 Quamquam
580 537 620 586 ne
634 505 946 606 praetermittantur,
964 524 1075 606 paucis
1087 545 1172 589 nuno
1185 525 1352 607 attingam,

168 629 275 712 agitur
297 628 338 694 de
359 651 406 695 rs.
430 633 503 713 362,
527 652 621 713 quem
644 630 823 700 Vossianus
846 636 892 700 sic
912 635 1013 702 tradit

297 756 349 822 hic
371 757 511 824 etfama
533 766 626 826 vetus
648 783 815 845 nunquam
837 765 994 829 moritura
1015 764 1140 831 Metelli

169 887 247 952 dum
267 885 446 954 Bembinus
469 896 502 954 et
523 889 801 974 Cantabrigiensis
823 891 979 974 praebent
1008 913 1096 958 moro
1116 894 1208 976 melli,
1236 892 1353 975 quibus

170 997 210 1061 de
238 995 343 1061 verbis
372 996 475 1062 editor
505 998 585 1066 haec
615 1005 821 1086 excogitavit:
855 1005 1030 1084 „moritura
1052 1003 1193 1078 Metelli“
1225 1003 1285 1090 (sio
1306 1003 1353 1089 V)

170 1107 250 1172 abiit
271 1109 303 1172 in
327 1110 513 1192 apographo
534 1112 567 1175 in
593 1135 701 1194 „mora
721 1113 827 1179 melli“
849 1114 947 1201 (Bo),
973 1114 1060 1198 quod
1087 1116 1164 1197 quia
1184 1113 1353 1180 emendare

171 1220 303 1300 nesciit,
334 1219 466 1303 reliquit
495 1223 735 1306 interpolator.“
783 1225 836 1292 Sic
863 1225 1097 1307 Baehrensius;
1126 1227 1182 1292 sed
1211 1225 1289 1308 quid
1318 1246 1353 1290 re

169 1330 352 1414 diligentius
373 1333 605 1417 circumspecta
633 1336 674 1401 de
703 1336 764 1401 hoo
795 1336 865 1402 loco
888 1337 1098 1402 statuendum
1121 1339 1170 1419 sit,
1202 1358 1352 1404 versuum

169 1447 202 1506 et
225 1442 479 1508 antecedentium
502 1451 535 1510 et
557 1450 760 1529 sequentium

297 1571 349 1637 hic
372 1572 468 1638 Fabii
491 1573 658 1658 Deoiique,
682 1576 734 1642 hic
757 1582 805 1640 est
828 1582 859 1641 et
881 1575 1044 1643 Gracchia
1063 1578 1175 1659 virtue,

297 1684 350 1750 bio
371 1691 404 1750 et
425 1684 512 1750 fama
534 1693 625 1751 vetus
647 1709 813 1769 nunquam
834 1708 925 1752 mora
946 1688 1034 1753 melli

298 1793 432 1862 Curtius
455 1804 510 1863 et.
528 1848 535 1863 .
555 1846 587 1863 ..

171 1927 332 1989 sententia
354 1925 494 1991 dilucide
519 1928 723 2010 perspicitur,
751 1948 849 2010 quam
871 1930 898 1992 si
920 1930 992 2010 quis
1015 1949 1123 1994 seeum
1144 1934 1281 2010 reputet,
1304 1927 1351 1992 fa

171 2035 231 2100 cile
253 2038 433 2120 suspicetur
461 2037 581 2104 nullius
610 2039 731 2104 laboris
756 2060 824 2104 esse
846 2042 987 2122 potuisse
1009 2042 1160 2122 cuiquam
1181 2039 1295 2103 litteris
1318 2046 1351 2105 et

170 2146 304 2213 historia
323 2149 545 2214 Romanorum
574 2151 698 2216 imbuto
720 2157 842 2216 rectam
864 2153 1057 2234 scripturam
1087 2151 1244 2230 invenire3
1273 2152 1350 2232 quin

171 2261 267 2324 etiam
288 2259 389 2324 simiis
410 2260 590 2343 exemplum
608 2261 719 2343 paullo
734 2262 818 2326 infra
834 2284 863 2326 v.
881 2267 943 2327 370
960 2263 1125 2344 habemus,
1148 2263 1205 2326 ubi
1221 2263 1351 2331 Vossia-

170 2392 229 2434 nus
253 2370 481 2456 Soipiodosqae,
512 2393 594 2455 quas
623 2372 749 2438 litteras
771 2372 938 2456 Hauptius
961 2381 1046 2438 recte
1074 2375 1107 2437 in
1131 2372 1351 2457 Scipiadaeque

170 2484 324 2563 correxit,
356 2482 489 2564 praebet
521 2504 579 2565 pro
613 2483 748 2548 lectione
777 2485 994 2565 antiquiorum
1026 2483 1182 2548 librorum
1210 2483 1350 2548 Istorum

167 2593 355 2678 piodosque,·
377 2593 433 2656 sed
457 2592 659 2658 nihilosecius
683 2595 777 2659 valde
801 2593 936 2659 dubium
956 2601 1013 2677 est,
1034 2617 1111 2659 num
1129 2594 1203 2658 bino
1226 2596 1350 2678 integer

169 2704 266 2770 iudex
298 2704 345 2768 illi
379 2704 480 2769 codici
514 2704 614 2769 ullam
645 2707 876 2788 praestantiam
910 2706 1052 2770 tribuere
1088 2712 1261 2772 conaturus
1298 2707 1348 2771 sit.

170 2815 273 2879 Immo
301 2815 428 2881 duobus
457 2815 546 2880 libris
573 2818 711 2899 gratiam
732 2816 907 2900 habemus,
931 2818 1018 2900 quod
1046 2839 1230 2900 perversam
1253 2819 1349 2901 scrip·

169 2934 292 3010 turam,
332 2949 430 3010 quam
467 2927 687 3011 inveniebant,
722 2931 844 3012 integre
874 2928 1100 3011 reddiderunt,
1135 2950 1208 2993 oum
1239 2951 1278 2993 ex
1307 2951 1346 2994 ea

168 3059 277 3103 reram
304 3040 471 3104 enucleare
501 3060 596 3123 saepe
626 3039 719 3106 facile
747 3043 805 3125 sit,
835 3042 1001 3123 multoque
1030 3041 1132 3123 magis
1166 3041 1347 3122 laudamus,

169 3151 256 3231 quod
290 3173 351 3216 non
384 3153 520 3216 correcti
548 3172 617 3216 esse
646 3153 804 3218 videntur.
850 3153 1028 3236 Propterea
1056 3174 1129 3216 cum
1151 3151 1347 3230 Baehrensio

169 3281 234 3323 non
255 3261 347 3344 facio,
372 3263 459 3344 quod
481 3263 543 3327 hoc
568 3265 749 3346 exemplum
771 3265 813 3328 aul
834 3264 1011 3329 bonitatem
1031 3261 1183 3330 Vossiani
1206 3285 1347 3346 compro·

171 3368 310 3434 bandam
348 3380 459 3454 aptum
489 3380 634 3454 putatur.
687 3374 751 3441 Sed
786 3376 878 3458 haec,
914 3397 987 3440 oum
1019 3374 1102 3438 levia
1136 3376 1215 3456 sint,
1250 3377 1348 3440 missa

170 3478 324 3544 faciamus
345 3487 376 3545 et
396 3502 602 3564 properemus
625 3485 666 3547 ad
687 3484 801 3549 dubios
823 3487 920 3566 locos,
943 3506 1079 3568 quorum
1102 3486 1224 3567 primus
1242 3493 1312 3551 exst
1333 3494 1347 3551 t

169 3591 202 3654 in
222 3612 267 3656 vs.
291 3596 415 3656 20—21

298 3728 330 3786 et
350 3729 387 3787 tu
411 3728 523 3787 sancta
545 3722 641 3787 Pales
662 3723 703 3788 ad
726 3744 825 3805 quam
846 3729 981 3787 ventura
1001 3725 1135 3788 recurrit

298 3840 460 3916 agrestum
483 3833 567 3899 bona
590 3856 702 3900 secura
724 3835 766 3900 sit
786 3856 865 3898 eura
886 3840 1031 3900 tenentes

169 3968 214 4032 sio
236 3968 413 4036 Bembinus
443 3977 475 4035 et
497 3969 788 4056 Cantabrigiensis,
819 3979 931 4039 contra
957 3972 1135 4040 Vossianus
1165 3994 1223 4055 pro
1255 3971 1346 4037 Pales

169 4079 297 4146 exhibet
316 4102 434 4166 parens
463 4089 495 4147 et
523 4105 581 4166 pro
608 4085 687 4148 bono
714 4106 822 4152 secura
850 4126 893 4134 —
921 4085 1000 4149 bona
1024 4085 1142 4169 fetura.
1182 4083 1346 4166 Temptati

169 4198 244 4257 sunt
270 4192 305 4257 hi
333 4215 442 4259 versus
473 4195 515 4260 ab
546 4196 692 4262 omnibus
715 4198 907 4280 editoribus,
939 4199 996 4281 qui
1018 4197 1073 4262 alii
1103 4195 1190 4261 aliud
1220 4195 1262 4259 ad
1291 4217 1345 4260 eos

167 4304 381 4370 restituendos
404 4307 663 4390 excogitaverunt
678 4329 735 4374 neo
750 4308 974 4374 satisfecerunt
988 4309 1101 4392 verbis,
1125 4330 1197 4373 oum
1220 4306 1345 4391 longius
