3294 5086
688 361 902 426 n„..15..

206 533 350 599 annectit
360 532 473 613 uerba,
495 550 579 616 quae
600 536 675 598 ante
696 535 859 617 proposui.
905 531 952 598 Ut
974 531 1022 600 his
1039 531 1167 620 Sisyphi
1187 534 1314 602 labores
1336 533 1389 602 de·

207 645 298 729 pingi
318 645 352 708 in
373 649 522 728 promptu
545 648 603 725 est,
627 646 672 709 sic
693 643 895 709 subdifficilis
917 647 1062 728 quaestio
1085 647 1197 730 oritur,
1219 649 1274 730 qui
1289 650 1388 718 verba

208 756 281 839 ipsa
302 754 530 820 conformanda
551 755 615 819 sint
637 761 671 820 et
693 777 776 839 quae
801 761 964 822 structura
980 764 1095 841 poetae
1111 760 1304 826 vindicanda
1319 783 1388 828 esse

210 867 367 932 videatur.
410 865 544 932 Summa
567 868 746 930 sententiae
767 869 835 932 sine
856 868 954 933 dubio
975 869 1006 933 in
1029 891 1066 935 eo
1086 872 1275 956 continetur,
1299 875 1387 957 quod

212 1000 328 1050 omnes,
350 979 404 1060 qui
421 976 592 1062 Sisyphum
615 999 727 1042 saxum
749 979 962 1044 revolventem
984 1003 1172 1066 summoque
1194 985 1303 1050 dolore
1317 1007 1388 1052 cru·

208 1091 327 1155 ciatum
357 1091 526 1174 aspiciunt,
556 1111 627 1154 eum
655 1090 731 1155 deos
754 1092 982 1174 contempsisse
1004 1099 1118 1176 putare
1139 1097 1232 1177 quasi
1253 1099 1386 1162 necessi·

206 1207 275 1266 tate
305 1203 446 1285 quadam
475 1208 642 1286 coguntur.
687 1201 733 1266 Et
761 1224 957 1286 quamquam
984 1204 1067 1269 hanc
1099 1227 1166 1272 esse
1196 1209 1387 1274 sententiam

207 1316 408 1398 perspicuum
432 1319 490 1394 est,
511 1321 620 1378 tamen
642 1313 868 1396 interpretatio
892 1321 924 1379 et
947 1315 1119 1400 explicatio
1143 1339 1289 1384 versuum
1308 1318 1388 1384 mul-

206 1432 258 1491 tas
281 1425 492 1491 difficultates
515 1424 679 1508 praebent.
724 1425 872 1490 Primum
895 1426 977 1490 enim
999 1427 1145 1492 inlibris
1167 1430 1231 1493 duo
1253 1430 1387 1497 relativa

208 1540 264 1622 qui
285 1537 376 1602 nobis
398 1541 580 1616 occurrunt,
604 1557 697 1618 quae,
720 1541 757 1599 ut
778 1543 916 1618 exstant,
939 1537 1074 1622 intelligi
1096 1561 1159 1604 non
1181 1549 1325 1624 possunt,
1348 1548 1385 1607 ut

210 1650 346 1714 alterum
361 1648 477 1714 falsum
494 1670 562 1714 esse
577 1647 627 1711 vel
639 1646 743 1711 obiter
757 1635 916 1730 spectanti
930 1656 1096 1733 appareat.
1119 1651 1230 1718 Verba
1246 1674 1316 1717 rero
1332 1656 1386 1737 qui

208 1781 317 1825 socam
331 1767 430 1824 monte
438 1761 563 1824 adverso
578 1797 614 1806 -
628 1780 703 1822 nam
715 1758 839 1823 adverso
852 1781 911 1842 pro
923 1781 1026 1826 ανονεο
1038 1763 1241 1829 scribendum
1253 1786 1321 1830 esse
1334 1767 1386 1830 vix

208 1872 353 1955 estquod
366 1878 517 1937 annotem
532 1911 567 1917 -
583 1871 705 1934 revolvit
716 1876 801 1935 recte
817 1893 851 1936 se
868 1872 986 1937 hahere
1005 1875 1052 1938 vel
1068 1875 1138 1958 ipsa
1154 1875 1265 1940 fabula
1282 1875 1385 1941 docet.

206 1983 300 2049 Haec
327 1987 412 2049 enim
439 1985 479 2048 de
503 1983 639 2068 Sisypho
662 1982 693 2045 in
712 1981 827 2063 Odyss.
852 1983 909 2047 Xl
932 1988 994 2047 393
1017 2007 1085 2068 sqq.
1114 1988 1233 2070 scripta
1252 1987 1385 2072 legimus

334 2097 387 2159 καὶ
408 2096 472 2182 μήν
493 2100 629 2180 Σίσυφον
651 2090 781 2169 εἷςεῖδον
801 2089 923 2178 κρατέρ’
944 2091 1030 2178 ἄλγε’
1051 2095 1162 2177 ἔχοντα

335 2209 415 2272 λᾶαν
435 2206 625 2290 βαστάζοντα
649 2204 806 2286 πελώριον
825 2202 1046 2289 ἀμφοτέρῃσιν.

336 2319 406 2405 ἤτοι
429 2315 448 2381 {i
470 2317 528 2400 μὲν
549 2315 793 2403 σκηριπτόμενος
814 2320 917 2396 χερσίν
942 2339 976 2379 τε
999 2324 1124 2383 ποσίντε

337 2433 416 2495 λᾶαν
434 2429 500 2494 ἅνω
521 2428 642 2494 ὤθεσκε
661 2429 735 2492 ποτὶ
757 2427 866 2511 λόφον·
895 2425 965 2490 ἀλλ’
988 2423 1041 2492 ὅτε
1062 2433 1173 2510 μέλλοι

335 2543 429 2625 ἄκρον
462 2539 681 2626 ὑπερβαλέειν,
720 2538 784 2604 τότ’
819 2537 1062 2621 ἀποστρέψασκε
1085 2547 1233 2626 κραταιίς.

338 2645 426 2729 αὖτις
446 2652 557 2718 ἔπειτα
578 2651 709 2716 πέδονδε
728 2649 885 2713 κυλίνδετο
912 2649 992 2726 λᾶας
1013 2647 1149 2737 ἄναιδὴς,

297 2763 410 2846 Neque
434 2765 548 2829 omitto
570 2764 705 2829 laudare
728 2767 761 2826 et
781 2760 840 2827 Or.
859 2761 937 2825 Met.
960 2760 1013 2828 IV
1033 2767 1096 2827 460

340 2881 397 2940 aut
416 2879 498 2959 petis
517 2883 575 2941 aut
597 2896 691 2957 urges
712 2872 873 2937 ruiturum
892 2871 1026 2957 Sisyphe
1048 2899 1172 2942 saxum.

211 2993 244 3051 et
265 2993 396 3070 poetam
418 2988 563 3071 ignotum
585 2986 672 3071 apud
691 2985 759 3052 Cic.
777 2983 873 3049 Tuae.
896 2985 914 3048 I
937 2989 956 3049 5

313 3126 316 3132 ·
856 3095 1010 3181 Sisyphus
1032 3105 1140 3164 versat
1186 3083 1188 3088 ⁵

338 3231 453 3276 saxum
471 3210 601 3275 nitendo
625 3210 744 3275 sudans
767 3229 870 3290 neque
892 3208 1018 3292 proficit
1037 3210 1138 3274 hilum

209 3321 336 3405 Quibus
368 3344 440 3387 cum
473 3322 550 3387 loeis
584 3321 785 3387 conferamus
812 3319 900 3403 Hyg.
925 3320 991 3386 fab,
1016 3326 1073 3385 60:
1112 3320 1299 3406 „Sisyphus
1329 3323 1385 3406 qui

210 3455 295 3498 nunc
325 3434 443 3498 dicitur
471 3440 605 3517 propter
633 3434 833 3516 impietatem
862 3433 1015 3497 adversus
1045 3439 1185 3498 montem
1203 3433 1246 3498 ad
1266 3433 1384 3499 inferos

212 3564 323 3608 saxum
345 3545 520 3610 cervicibus
543 3546 677 3625 volvere,
700 3543 797 3626 quod,
821 3564 895 3606 cum
915 3545 956 3608 ad
971 3566 1130 3610 summum
1146 3548 1295 3611 verticem
1316 3568 1384 3631 per·

210 3656 347 3739 duxerit,
359 3679 486 3721 rursum
494 3657 642 3721 deorsum
655 3661 767 3738 postea
778 3655 991 3720 revolvatur.“
1014 3655 1077 3721 His
1087 3658 1273 3723 auctoribus
1286 3659 1384 3725 verba

209 3774 323 3850 poetae
345 3767 463 3833 Culicis
486 3769 581 3851 plane
603 3773 799 3850 congruunt3
821 3767 988 3850 lingendus
1015 3754 1186 3852 igiturest
1212 3771 1244 3833 in
1274 3769 1383 3834 infimo

208 3885 318 3944 monte
334 3885 422 3943 stans
438 3887 470 3944 et
483 3902 605 3961 saxum,
622 3879 708 3962 quod
724 3879 919 3961 simulatque
934 3880 1098 3944 evolutum
1114 3887 1162 3944 est
1179 3882 1287 3945 statim
1303 3882 1384 3947 rela-

208 3990 305 4072 bitur,
326 3994 412 4055 omni
433 3991 548 4056 virium
569 3993 772 4055 contentione
794 3991 826 4054 in
850 4012 1009 4055 summum
1033 3997 1174 4055 montem
1197 3991 1256 4073 vel,
1278 3997 1316 4055 ut
1336 3994 1384 4056 ait

208 4108 314 4186 poeta,
337 4111 445 4169 monte
461 4103 593 4168 adverso
610 4107 664 4183 (=
679 4103 830 4168 adversus
850 4108 990 4168 montem
1005 4101 1105 4185 Hyg.)
1121 4101 1293 4184 revolvens,
1308 4124 1383 4168 nam

337 4221 429 4297 optat
450 4236 597 4298 supremo
616 4213 773 4279 collocare
795 4213 949 4297 Sisyphus

336 4328 370 4391 in
389 4335 497 4393 monte
518 4348 630 4392 saxum
650 4325 744 4406 (Hor.
764 4326 856 4409 epod.
880 4326 997 4412 lues).
