3294 5086
729 408 940 468 ,41-

245 575 371 641 ratione
384 574 508 640 codices
524 595 605 641 saec.
622 574 704 658 XV,
721 596 819 658 quam
837 577 865 642 si
879 581 1034 659 tenemus,
1050 577 1268 642 condicionem
1276 575 1429 645 Vossiani

246 710 309 753 non
340 690 443 770 magis
476 708 574 770 quam
603 687 876 754 Helmstadiensis
911 688 1101 754 mirabimur
1134 695 1166 754 et
1198 690 1428 773 discrepantias

246 821 309 865 non
332 804 401 863 tam
422 821 460 863 ex
482 799 547 864 alio
569 798 659 865 fonte
682 822 778 884 quam
801 823 840 866 ex
860 800 1076 884 interpolandi
1094 802 1201 867 studio
1224 800 1429 866 librariorum

248 911 487 995 explicabimus.
1126 974 1128 980 ,

334 1027 363 1087 2.
388 1021 528 1086 Etiamsi
557 1022 629 1105 quis
653 1044 708 1105 ea,
741 1044 825 1106 quae
855 1023 895 1088 de
924 1024 1122 1106 temporibus
1153 1024 1299 1090 codicum
1321 1030 1430 1107 protu-

248 1135 355 1217 limus,
377 1156 484 1200 secum
505 1135 715 1217 reputaverit,
738 1141 847 1200 tamen
870 1136 1025 1202 iudicium
1048 1137 1087 1202 de
1109 1136 1271 1204 Vossiano
1294 1158 1314 1202 a
1337 1135 1429 1200 nobis

248 1246 370 1312 factum
391 1247 476 1310 iuste
497 1245 530 1309 in
553 1245 689 1311 dubium
711 1254 855 1330 1000101,
884 1250 910 1312 01
930 1249 963 1312 111
982 1247 1093 1314 0111100
1118 1249 1258 1314 carmine
1280 1248 1348 1314 0010
1369 1247 1431 1313 hae

249 1363 298 1423 tot
343 1362 517 1441 tantaeque
556 1357 771 1442 differentiae,
817 1381 954 1442 quarum
991 1364 1023 1424 01
1057 1360 1274 1426 Βο011101101110
1310 1359 1429 1424 multas

249 1471 406 1554 genuinae
423 1471 601 1554 scripturae
621 1471 740 1536 indicia
755 1477 788 1536 et
804 1493 862 1537 nos
878 1471 1031 1555 plurimas
1048 1473 1279 1537 emendationis
1294 1471 1428 1554 vestigia

250 1603 318 1647 esse
350 1581 539 1673 statuimus,
567 1588 742 1648 exstarent.
785 1582 872 1648 Nam
895 1585 921 1649 si
945 1585 978 1648 in
1000 1584 1132 1668 reliquis
1156 1585 1318 1667 operibus,
1348 1605 1430 1666 quae

250 1695 281 1758 in
293 1693 452 1762 Vossiano
469 1694 668 1778 exhibentur,
684 1696 764 1760 haec
778 1702 896 1761 natura
911 1696 1028 1761 codicis
1049 1717 1112 1760 non
1127 1696 1429 1779 deprehenderetur,

251 1807 305 1871 0011
341 1805 502 1871 nonnullis
534 1808 685 1871 nimirum
715 1808 838 1873 mendis
871 1808 1011 1891 exceptis
1042 1806 1195 1874 lectiones
1219 1829 1291 1872 cum
1315 1807 1428 1872 ceteris

250 1917 342 1984 libris
368 1919 596 2003 conspirarent,
619 1927 704 1985 certe
731 1922 834 2004 quivis
853 1921 1025 1986 miraretur
1047 1941 1105 1985 nec
1126 1920 1303 1985 librarium·
1316 1918 1349 1984 in
1368 1918 1429 1984 hoc

251 2050 315 2092 uno
344 2035 494 2112 poemate
526 2030 749 2116 interpolando
780 2033 977 2114 substitisse,
1012 2031 1136 2115 reliqua
1162 2054 1236 2096 1010
1264 2031 1370 2096 omnia
1396 2032 1430 2094 in

251 2140 378 2223 integro
397 2141 564 2225 reliquisse
585 2144 752 2227 probabile
771 2150 911 2228 putaret.
953 2143 1100 2227 Cumque
1118 2145 1163 2226 is,
1187 2144 1243 2227 qui
1262 2143 1309 2208 ita
1331 2143 1427 2206 ratio-

252 2255 430 2336 cinaretur,
469 2254 501 2318 in
531 2254 601 2319 iure
630 2260 731 2338 esset,
760 2277 844 2320 nunc
873 2277 936 2321 non
965 2256 1088 2337 omnia,
1118 2278 1201 2339 quae
1230 2259 1429 2338 pertractare

253 2366 385 2449 longum
407 2371 465 2447 est,
490 2366 546 2431 sed
568 2367 632 2431 duo
656 2367 794 2432 maxime
817 2369 967 2448 carmina,
991 2373 1150 2450 qnatenus
1170 2368 1213 2433 ad
1233 2365 1431 2434 Vossianum
1458 2387 1462 2395 ’

253 2479 431 2560 pertinent,
462 2484 610 2544 excutere
639 2479 672 2543 in
701 2480 807 2544 animo
835 2479 955 2560 habeo,
987 2483 1062 2542 sunt
1083 2478 1174 2561 Oopa
1204 2482 1237 2542 01
1259 2477 1430 2542 Moratum.

254 2589 326 2654 Iam
350 2611 448 2672 supra
470 2591 785 2656 commemoravimus
804 2590 1036 2656 Baehrensium
1056 2589 1143 2673 quod
1162 2589 1195 2653 in
1213 2588 1323 2655 Oulioe
1345 2589 1430 2654 idem

254 2703 288 2764 in
311 2700 401 2784 Oopa
427 2702 581 2768 iudicium
609 2703 649 2767 de
669 2702 729 2767 hoo
748 2701 831 2766 libro
854 2701 964 2767 fecisse
992 2703 1289 2786 praestantiamque
1309 2708 1430 2767 ceteros

257 2834 363 2878 omnes
391 2814 515 2880 codices
545 2815 638 2898 longe
667 2818 871 2896 superantem
901 2814 930 2879 ei
952 2813 1114 2878 tribuisse.
1154 2812 1334 2896 Propterea
1357 2835 1432 2878 non-

256 2925 360 2989 nullos
390 2926 476 2991 10000
507 2925 657 3009 afferam,
685 2926 802 3009 quibus
823 2926 934 2991 eadem
956 2924 1164 3008 interpolatio
1187 2925 1431 2991 demonstretur.

341 3037 382 3101 Iu
404 3039 494 3103 initio
517 3038 627 3123 Oopae
649 3039 681 3103 in
705 3039 850 3103 omnibus
872 3036 938 3101 fere
958 3037 1048 3102 libris
1070 3059 1115 3103 10.
1140 3043 1159 3102 8
1182 3039 1227 3102 010

386 3172 418 3231 01
439 3167 567 3233 11100110
583 3167 705 3233 umbris
730 3166 847 3250 frigida
869 3165 1104 3231 harundinibus

257 3294 380 3358 trtcbtla
402 3295 574 3362 deteriores

257 3430 290 3493 in
313 3429 473 3498 Vossiano

386 3566 418 3626 et
440 3563 566 3628 11100110
587 3562 709 3627 umbris
733 3561 850 3644 frigida
869 3561 1076 3627 harundineis

259 3707 412 3790 scriptum
429 3708 574 3792 legimus,
598 3712 630 3773 in
646 3709 709 3775 illis
725 3708 926 3792 deperditam
938 3709 1140 3791 scripturam,
1156 3729 1228 3772 oum
1243 3706 1435 3771 alterutrum

259 3818 450 3883 vocabulum
472 3842 540 3886 0000
563 3826 711 3904 oporteat
733 3820 933 3900 adiectivum,
954 3819 988 3882 in
1006 3819 1067 3883 hoo
1089 3819 1260 3884 lectionem
1275 3818 1317 3883 ad
1337 3824 1437 3883 struc

260 3935 367 3993 turam
389 3932 639 3997 accomodatam.
672 3931 767 3996 Duae
794 3932 863 3995 viae
887 3931 1118 3996 emendationis
1138 3935 1266 4012 patent:
1291 3935 1349 3994 aut
1372 3951 1438 3992 um-

259 4041 322 4105 bris
342 4041 545 4108 harundineis
561 4043 623 4129 (V)
640 4048 698 4108 aut
720 4043 870 4107 umbrosis
891 4042 1085 4128 (umbriferis
1107 4042 1280 4106 deteriores
1301 4042 1437 4121 codices)

259 4154 488 4220 harundinibus
511 4155 690 4220 scribimus.
728 4154 886 4238 Nonnego
906 4155 1022 4219 umbris
1038 4154 1240 4218 harundineis
1262 4152 1324 4217 dici
1346 4156 1437 4234 potu-

260 4266 333 4346 isse,
356 4267 417 4331 etsi
435 4267 574 4332 elocutio
592 4288 654 4331 non
674 4267 803 4350 elegans
819 4273 877 4349 est,
899 4267 965 4348 sed,
987 4267 1021 4331 id
1040 4266 1125 4349 quod
1142 4265 1273 4328 maximi
1289 4262 1437 4347 ponderis

261 4384 320 4459 est,
342 4379 383 4444 ad
406 4401 476 4444 eam
499 4378 732 4445 defendendam
754 4385 812 4444 aut
833 4378 959 4443 hiatum
976 4383 1118 4458 statuere
1134 4381 1201 4458 aut,
1224 4380 1260 4440 111
1274 4375 1438 4440 Βο0111011-
