3286 5078
746 309 961 392 ..22¹-

254 499 356 574 ¹minis
371 499 496 565 auctori
510 507 741 582 nonnunquam
759 501 874 566 rudem
890 505 922 565 et
937 499 1136 565 inconditam
1153 500 1326 566 dictionem
1344 499 1448 565 vindi-

263 633 336 676 care
351 632 415 676 non
430 610 625 693 dubitemne,
635 617 742 676 tamen
755 611 869 677 falsam
885 618 917 677 ct
930 634 1004 677 cum
1016 613 1140 697 legibus
1161 613 1348 696 grammatis
1362 635 1446 696 pug-

251 722 694 808 ··nantem(ooarterutor1tyu
706 745 764 807 pro
773 744 830 788 occ
840 727 932 788 itcrat
941 723 1029 808 Ityn)
1042 747 1115 789 eum
1123 726 1154 789 iu
1165 745 1199 789 se
1206 725 1374 790 admisisse
1381 746 1448 789 non

264 839 313 898 cst
326 855 384 899 cur
396 855 570 898 sumamus.
582 833 688 899 Immo
697 848 857 919 querceco
864 837 997 900 iteretur
1005 834 1079 920 Ityn
1090 835 1260 901 librarium
1269 835 1410 901 effecisse
1418 837 1448 900 si

264 944 1448 1030 contenderimus,minimeaveroaberrabimusexemplisquequibusVos-

267 1056 349 1121 siani
363 1055 460 1121 fidem
473 1055 669 1123 labefactare
684 1059 876 1139 studuimus,
894 1063 1007 1140 aptum
1023 1063 1056 1122 et
1066 1057 1267 1124 luculentum
1279 1058 1445 1124 addemus.

351 1167 455 1232 Porro
478 1167 677 1234 subiciantur
698 1191 743 1235 vs.
770 1173 941 1235 301-302

394 1278 515 1345 assidet
536 1279 598 1345 hac
619 1281 743 1347 iuvenis
766 1283 868 1348 sociat
890 1279 930 1344 de
949 1279 1051 1362 gloria
1074 1281 1167 1346 sortis

400 1390 483 1456 alter
502 1392 534 1456 in
557 1379 879 1472 excissum'referens
901 1413 921 1456 a
941 1391 1077 1456 navibus
1097 1393 1179 1475 ignis

396 1502 560 1585 Argolicis
582 1502 742 1586 Phrygios
764 1510 856 1569 torva
878 1504 1009 1569 feritate
1033 1503 1178 1586 repulsos

268 1620 306 1679 ut
327 1612 504 1679 Bembinus
527 1620 560 1680 ct
581 1613 857 1698 Cantabrigiensis
879 1616 1030 1697 tradunt,
1061 1636 1132 1680 cum
1155 1615 1335 1684 Vossianus
1359 1635 1448 1698 prae-

271 1726 348 1791 beat
369 1725 454 1790 huno
476 1724 509 1788 in
530 1724 661 1791 modum
871 1715 874 1720 ¹

378 1861 380 1866 ·
398 1836 518 1902 assidet
539 1838 582 1902 ha
603 1837 726 1903 iuvenis
749 1838 903 1903 societate
925 1835 1027 1919 gloria
1049 1838 1146 1903 sortis

298 2015 300 2020 ,
399 1946 480 2012 alter
502 1947 535 2012 in'
558 1948 718 2014 excelsum
739 1947 880 2015 referens
903 1971 922 2013 a
944 1947 1080 2013 navibus
1099 1950 1189 2031 igens

384 2057 563 2140 Argolicis
583 2059 742 2142 Phrygios
764 2066 856 2126 torva
878 2060 1008 2125 feritate
1029 2059 1147 2124 refusa.

357 2169 420 2233 His
448 2169 592 2234 versibus
622 2170 775 2254 Aiacem,
809 2193 905 2255 quem
940 2171 1044 2237 Oulex
1076 2170 1108 2233 in
1141 2169 1253 2252 Elysio
1286 2170 1451 2236 sedentem

252 2277 377 2363 ¹ridet,
408 2303 429 2346 a
456 2286 552 2365 poeta
570 2281 708 2365 ,depingi
729 2283 827 2348 verba
848 2284 983 2366 referens
1004 2289 1029 2346 'a
1058 2283 1185 2347 naahas
1207 2284 1289 2368 ipnt's
1310 2302 1384 2346 cum
1406 2301 1451 2344 sc

273 2393 446 2477 quentibus
462 2395 610 2460 carminis
625 2416 671 2458 vs.
687 2398 750 2459 320
764 2447 770 2458 .
785 2444 813 2460 ..
831 2400 862 2458 et
877 2417 950 2458 cum
965 2393 1082 2459 Iliadis
1096 2392 1181 2458 libro
1196 2392 1294 2457 XIII
1316 2387 1349 2478 (ἡ
1366 2390 1453 2476 μάχη

257 2507 307 2578 ,ἓν
328 2501 443 2588 ναυσίν)
473 2504 591 2570 collata
620 2505 853 2571 demonstrant.
897 2505 955 2570 Ad
982 2525 1078 2588 quem
1107 2505 1214 2569 omnia
1243 2503 1453 2568 hauddubie

257 2616 442 2683 ,referenda
473 2621 563 2696 sunt,
595 2616 650 2681 sed
679 2617 758 2699 quid
789 2638 937 2700 expresse
959 2617 1021 2682 sibi
1043 2617 1157 2698 velint,
1186 2637 1250 2680 non
1272 2621 1340 2680 tam
1361 2614 1454 2679 facile

276 2729 454 2812 explicatur
477 2747 575 2808 quam
597 2727 630 2791 in
659 2729 842 2793 universum
862 2729 1084 2808 adumbratur,
1113 2749 1186 2791 cum
1206 2726 1309 2792 foedis
1331 2725 1455 2792 mendis

275 2840 396 2904 referta
428 2837 518 2901 haud
550 2858 666 2920 parvas
699 2838 907 2904 difficultates
937 2839 1104 2920 interpreti
1132 2836 1279 2904 afferant.
1325 2837 1379 2903 Sic
1406 2838 1455 2902 vel

276 2951 380 3034 primo
403 2948 518 3014 obtutu
540 2948 618 3012 alter
646 2949 727 3014 falso
753 2956 920 3015 exaratum
944 2969 1012 3013 esse
1033 2955 1184 3033 apparet3
1214 2971 1289 3014 nam
1311 2950 1338 3014 si
1360 2970 1456 3032 quae·

276 3062 393 3142 rimus,
425 3080 488 3142 quo
511 3059 642 3124 tandem
663 3062 742 3125 alter
762 3066 901 3145 spectet,
929 3082 993 3125 non
1018 3060 1228 3145 priusquam
1255 3061 1287 3125 in
1316 3083 1362 3126 rs.
1393 3064 1455 3126 323

278 3173 451 3252 Achillem,
473 3170 612 3236 alterum
629 3173 804 3255 Aeaciden,
828 3172 1072 3238 commemorari
1094 3172 1246 3254 videmus,
1269 3178 1306 3238 ut
1328 3179 1457 3256 poetam

279 3284 341 3349 nisi
363 3305 480 3366 magna
502 3305 575 3348 cum
598 3287 775 3367 sententiae
806 3285 1004 3350 obscuritate
1033 3285 1080 3349 ita
1107 3283 1196 3366 loqui
1225 3305 1287 3348 uon
1316 3285 1458 3368 potuisse

279 3395 484 3461 manifestum
514 3398 566 3462 sit.
615 3394 723 3478 Quare
750 3402 787 3461 ut
815 3396 868 3460 vix
896 3395 1073 3477 quidquam
1106 3395 1195 3460 dubii
1224 3395 1349 3477 haeret,
1381 3395 1458 3478 quin

279 3508 359 3573 haec
385 3528 447 3572 vox
468 3529 567 3590 prave
594 3507 717 3572 tradita
743 3506 801 3588 sit,
832 3506 877 3571 sic
902 3505 1019 3571 Bembi
1042 3507 1257 3572 coniecturam
1279 3529 1349 3571 acer
1368 3505 1458 3570 nullo

262 3687 265 3690 ,
280 3618 459 3684 novissimis
482 3620 612 3702 quidem
627 3617 825 3702 temporibus
842 3623 1040 3701 repugnante
1060 3619 1209 3702 amplecti
1223 3641 1286 3684 non
1302 3638 1458 3684 veremur.

282 3731 404 3814 Neque·
425 3752 518 3811 vero,
549 3736 586 3794 ut
615 3752 687 3795 eam
714 3730 859 3794 funditus
882 3729 1099 3812 stabiliamus,
1130 3736 1245 3814 poetae
1267 3731 1365 3796 verba
1388 3730 1460 3795 sub

275 3842 450 3925 'sequentia
472 3840 689 3924 repudiamus,
720 3840 837 3922 quibus
860 3841 996 3906 Aiacem
1020 3841 1131 3906 eodem
1155 3843 1283 3907 nomine
1304 3842 1452 3926 designat

261 3976 354 4021 -cum
376 3969 422 4019 vs.
443 3956 612 4024 als-am
638 3954 683 4017 sic
703 3952 848 4034 loquitur

361 4074 374 4089 ·“
393 4065 485 4131 'hino
507 4069 578 4130 erat
600 4064 764 4148 oppositus
787 4070 881 4130 conto
903 4063 1110 4130 Telamonius
1130 4065 1225 4130 heros

387 4213 389 4218 .
413 4175 602 4258 obiectuque
622 4176 722 4241 dabat
743 4175 844 4259 clipeo
866 4177 1052 4257 certamina,
1076 4181 1109 4240 et
1128 4176 1215 4240 illino

244 4285 250 4304 ⁵
413 4286 538 4358 Hector
561 4293 640 4368 erat,
659 4287 779 4352 Troiae
802 4297 962 4353 summum
984 4288 1090 4368 decus,
1113 4307 1187 4351 acer
1209 4293 1356 4370 uterque.
