3294 5086
714 385 929 445 ..39-

948 553 1000 617 hic
1022 545 1235 618 et'acanthus
1309 543 1312 550 ’

344 669 376 729 et
397 685 472 729 rosa
494 683 692 748 purpureum
714 670 855 730 crescent
873 664 1057 730 rubibunda
1077 668 1233 728 terrorem
1256 661 1319 743 (Β)

233 815 277 822 -ν
298 775 476 841 rubicunda
503 773 671 858 perorbem
695 773 748 855 (O)
773 813 808 822 -
833 775 1022 860 pudibunda
1044 775 1195 841 ruborem
1210 775 1278 855 (V).
1314 767 1413 856 Quid·

235 887 313 970 quid
336 887 375 952 de
397 893 536 970 crescent,
560 886 646 969 quod
668 884 813 969 plerique
830 893 1047 970 correxerunt,
1071 892 1247 969 statuetur,
1270 885 1303 950 id
1324 906 1414 969 aper·

234 1005 303 1064 tum
332 1003 380 1063 est
395 993 397 1000 '
410 1003 441 1063 et
465 997 654 1082 pudibundo
684 1001 717 1061 et
738 998 882 1064 ruborem
909 1006 996 1065 recte
1020 1022 1039 1064 a
1059 998 1220 1069 Vossiano
1248 997 1336 1064 tradi
1357 1017 1415 1062 noc

234 1111 347 1176 ceteris
369 1110 459 1176 libris
481 1108 543 1173 hoo
563 1107 636 1173 loco
656 1109 756 1173 ullam
775 1107 871 1175 fidem
893 1111 1076 1176 habendam
1098 1130 1177 1176 esse.

319 1221 416 1287 Nunc
431 1222 618 1304 priusquam
635 1241 673 1284 ex
688 1222 737 1301 iio,
754 1242 837 1303 quae
853 1222 959 1288 adhuc
971 1225 1112 1288 exsecuti
1128 1241 1247 1302 sumus,
1262 1219 1415 1285 iudicium

234 1334 273 1399 de
305 1333 478 1398 virtutibus
510 1336 568 1397 aut
598 1330 683 1395 vitiis
713 1332 910 1415 singolorum
941 1334 1086 1399 codicum
1119 1331 1293 1412 faciamus,
1326 1331 1415 1396 brevi

234 1442 359 1527 singula
388 1464 440 1525 ea,
475 1464 575 1525 quac,
609 1464 805 1526 quamquam
834 1445 875 1511 de
904 1444 1064 1510 nonnullis
1092 1442 1258 1526 scripturis
1293 1441 1411 1526 ambigi

234 1555 330 1620 licere
351 1555 551 1640 largiendum
574 1560 632 1638 ost,
658 1559 764 1621 tamen
787 1556 909 1640 liquere
930 1558 1087 1637 existimo,
1111 1554 1369 1638 complectamur.

386 1667 414 1732 Ι.
435 1667 614 1737 Vossianus

321 1782 349 1844 1.
371 1800 435 1844 non
452 1777 547 1842 modo
567 1799 630 1842 non
653 1784 812 1861 accurate,
835 1778 1060 1844 verumetiam
1075 1775 1279 1860 neglegenter
1299 1777 1414 1859 poetae

276 1911 404 1955 carmen
426 1889 540 1970 tradit,
562 1911 638 1956 nam
661 1911 757 1974 saepe

356 2001 390 2088 a)
412 2001 550 2083 litteras,
574 2000 723 2084 syllabas,
745 2023 848 2086 voces,
870 2008 956 2068 totos
978 2024 1087 2068 versus
1110 2001 1230 2068 omitt't
1334 2011 1335 2014 ’
1393 2019 1398 2028 ·

355 2111 391 2204 b)
414 2113 582 2179 verborum
605 2113 749 2180 ordinem
772 2120 876 2180 metro
898 2115 1089 2180 adversante
1111 2112 1240 2178 exhibet
1286 2161 1289 2170 .

353 2223 385 2310 c)
407 2226 567 2307 permulta
597 2231 730 2308 peccata
761 2233 863 2310 eaque
888 2245 1116 2309 nonnunquam
1144 2221 1343 2309 grauissima·
1368 2221 1414 2284 iri-

408 2336 554 2402 oonsulto
575 2337 709 2420 praebet
1370 2355 1373 2358 ·

450 2449 497 2544 ita
516 2454 555 2514 ut
574 2448 733 2515 Bembino
756 2454 789 2513 et
810 2447 1067 2531 Oantabrigiensi
1088 2447 1139 2512 his
1161 2445 1292 2530 quidem
1314 2444 1346 2510 in
1358 2463 1423 2509 .·ne-·

409 2559 469 2626 bus
490 2545 718 2643 praeferendus
739 2580 804 2624 non
827 2581 896 2625 esse
916 2559 1074 2626 videatur.

320 2673 349 2733 2.
373 2691 446 2734 cum
475 2671 514 2736 de
535 2671 696 2738 nonnullis
723 2671 914 2736 lectionibus
938 2677 1061 2738 certum
1083 2670 1236 2736 iudicium
1259 2666 1329 2732 lieri
1350 2686 1413 2732 non

276 2779 390 2863 liceat,
419 2781 539 2848 multas
562 2781 673 2865 affort,
698 2805 780 2866 quae
802 2805 865 2848 non
886 2789 954 2849 tam
975 2805 1081 2850 errore
1102 2803 1199 2867 quam
1221 2777 1414 2846 consiliose

275 2897 381 2958 mente
392 2899 578 2976 procreatae
592 2901 675 2977 sunt,
690 2902 728 2960 ut
745 2887 880 2980 speciem
893 2895 969 2962 libri
982 2894 1167 2980 interpolati
1182 2897 1214 2958 et
1233 2893 1272 2958 de
1290 2873 1414 2956 scribae

276 3004 403 3088 ingenio
420 3007 581 3072 emendati
603 3029 681 3092 prae
701 3029 735 3072 se
756 3007 850 3073 ferat.
1384 3007 1385 3011 ’

386 3117 435 3184 Π.
457 3119 633 3186 Bembinus
656 3126 688 3186 ct
710 3118 983 3204 Oantabrigiensis
1064 3141 1065 3144 ¹
1118 3116 1153 3126 ”

321 3234 350 3294 1.
373 3252 435 3296 non
456 3233 610 3314 pauciora
636 3254 733 3317 quam
761 3232 816 3298 illc
838 3232 955 3297 menda
976 3229 1144 3314 praebent,
1171 3225 1227 3292 sed
1252 3246 1299 3309 ea,
1331 3244 1414 3308 quae

280 3342 418 3424 plurima
439 3345 619 3410 inconsulto
641 3346 675 3410 in
697 3349 820 3410 textum
841 3346 1046 3426 irrepserunt.
1132 3402 1133 3405 ,
1157 3359 1161 3366 ·

322 3458 351 3518 2.
381 3456 549 3521 nonnullas
586 3458 748 3540 graviores
785 3456 959 3538 scripturas
996 3453 1035 3501 -’
1076 3456 1151 3518 sunt
1189 3447 1276 3514 haud
1315 3446 1413 3513 dubie

280 3570 436 3647 quattuor
457 3605 509 3649 -,
540 3588 623 3649 quae
645 3567 740 3652 plane
762 3566 941 3632 reiciendao
961 3569 1037 3631 sunt
1061 3563 1102 3629 ob
1124 3581 1259 3644 eamque
1280 3579 1411 3625 causam

187 3760 189 3768 A
278 3683 347 3741 tum
370 3677 412 3742 ad
435 3676 633 3745 Vossianum
655 3699 713 3744 nos
736 3699 899 3744 recurrero
922 3681 1050 3761 cogunt.
1276 3667 1278 3670 ⁵

236 3788 351 3871 quibus
373 3791 534 3874 perpensis
563 3790 623 3856 hoe
646 3790 854 3856 statuendum
880 3809 949 3855 esse
971 3788 1099 3853 videtur
1120 3781 1179 3850 hos
1204 3783 1285 3849 duos
1312 3782 1412 3848 libros

235 3907 349 3984 poetae
370 3901 468 3967 verba
488 3903 633 3984 quamvis
655 3923 749 3986 saepe
778 3901 826 3966 ita
849 3902 1025 3985 depravata
1046 3898 1111 3964 rix,
1127 3902 1164 3962 ut
1190 3894 1412 3979 intelligantur

234 4021 343 4080 tamen
373 4013 555 4080 fidelissime
583 4014 717 4080 reddere
746 4018 778 4078 et
799 4011 1034 4079 Baehrensium
1055 4034 1076 4078 a
1100 4031 1174 4076 vero
1196 4007 1334 4074 multum
1355 4006 1410 4072 ab

235 4149 367 4210 errasse,
391 4148 463 4193 cum
475 4147 528 4192 eos
543 4147 582 4191 ex
597 4131 747 4208 corrupto
766 4125 962 4209 apographo,
986 4125 1037 4190 cui
1050 4123 1148 4187 ¹homo
1164 4121 1411 4205 quidam'curas

236 4243 364 4306 criticas
385 4239 611 4325 applicavisset
632 4258 696 4302 non
719 4236 836 4302 collato
858 4235 1042 4320 exemplari,
1065 4233 1120 4300 sed
1140 4238 1178 4298 ut
1205 4233 1411 4300 suisinnis'us

236 4351 354 4418 viribus
376 4351 500 4418 foedius
521 4349 740 4436 interpolaret,
764 4349 879 4416 ductos
900 4369 970 4414 esse
991 4346 1204 4413 concluderet.
