3294 5086
763 400 976 461 „24-

280 568 426 652 quamvis
447 589 511 638 non
533 568 628 654 plane
649 569 697 634 ita
719 568 938 634 conformatus
956 568 1008 650 sit,
1028 573 1138 635 tamen
1158 589 1233 634 cum
1253 568 1310 634 illo
1330 573 1458 634 tantum

280 680 381 746 babet
409 680 646 763 similitudinis,
676 685 713 746 ut
735 681 842 746 omitti
871 701 936 746 non
962 679 1090 746 debeat.
1140 679 1203 746 Est
1228 680 1262 744 in
1292 684 1353 745 sat.
1379 678 1399 743 I
1427 682 1457 759 b,

281 794 409 856 67-68

408 922 481 968 ecce
500 902 583 968 alius
606 907 728 986 quanto
751 903 892 987 porrexit
913 921 1078 966 murmure
1099 923 1215 985 panem

408 1014 462 1078 rix
483 1014 632 1098 fractum,
655 1014 777 1080 solidae
794 1014 861 1080 iam
881 1013 1011 1079 mucida
1033 1012 1139 1080 inusta
1161 1013 1284 1078 farinae

279 1125 337 1191 ubi
367 1131 464 1211 poeta
484 1127 534 1192 >de
561 1126 658 1210 cibis,
693 1127 749 1209 qui
777 1126 928 1209 parasitis
958 1129 1180 1209 apponuntur,
1193 1167 1199 1190 ‹
1212 1125 1365 1210 loquitur.
1416 1123 1458 1188 In

280 1239 497 1304 controversia
528 1243 602 1304 sunt
623 1238 721 1304 verba
747 1259 862 1322 panem
895 1240 946 1302 oia
971 1239 1130 1322 fractum,
1161 1257 1253 1319 quae,
1283 1237 1344 1302 etsi
1372 1235 1458 1300 omni

280 1348 469 1417 difficultate
484 1356 602 1433 carent,
618 1350 822 1416 nihilosecius
837 1349 879 1415 ab
894 1348 1121 1433 interpretibus
1135 1368 1328 1432 magnopere
1342 1352 1458 1412 vexata

280 1467 364 1544 sunt,
387 1483 463 1527 nam
480 1461 567 1528 haud
587 1462 682 1546 pauci
705 1463 739 1526 in
759 1461 799 1527 iis
821 1460 1018 1545 explicandis
1042 1459 1296 1541 elaboraverunt,
1321 1459 1377 1526 sed
1402 1459 1458 1525 alii

280 1574 377 1639 aliam
394 1574 652 1659 explanationem
666 1574 713 1639 ita
726 1572 938 1658 protulerunt,
954 1576 992 1636 ut
1007 1571 1229 1655 depromerent
1240 1571 1457 1654 artificiosam,

280 1684 455 1770 simplicem
480 1685 693 1768 neglegerent.
742 1683 851 1766 Quare
878 1684 1024 1768 plerique
1052 1689 1175 1750 rectam
1205 1679 1396 1750 sententiam
1423 1683 1456 1748 in

279 1796 429 1880 ambiguo
458 1795 676 1879 reliquerunt,
705 1797 823 1862 nedum
845 1801 994 1863 accurate
1023 1796 1251 1880 expresserint,
1280 1797 1387 1881 potius
1418 1815 1457 1859 aa

279 1908 414 1990 ratione,
437 1927 536 1989 quam
554 1907 688 1991 ingressi
709 1913 794 1990 sunt,
817 1906 904 1974 facili
925 1908 996 1973 loco
1018 1909 1150 1975 umbras
1172 1908 1375 1974 obduxerunt
1388 1927 1457 1971 sen-

279 2039 415 2101 sumque
436 2018 567 2084 subesse
588 2020 768 2103 uoluerunt,
796 2022 853 2112 qui
876 2042 1054 2087 connexum
1075 2042 1181 2085 rerum
1203 2040 1306 2102 aeque
1334 2041 1373 2084 ac
1396 2019 1457 2084 sin-

279 2151 349 2196 cere
375 2129 554 2214 inspicienti
576 2151 641 2196 non
665 2153 759 2218 posse
779 2132 915 2197 videtur.
962 2132 1055 2198 Unus
1081 2131 1307 2198 tantummodo
1333 2131 1456 2214 Ruper-

280 2241 383 2329 tius1)
407 2263 477 2307 eam
499 2242 585 2308 riam
607 2250 735 2309 secutus
762 2248 820 2325 est,
845 2266 909 2328 qua
930 2244 1010 2327 quid
1031 2233 1130 2310 verba
1159 2242 1341 2308 necessario
1362 2241 1457 2325 signi·

279 2354 412 2420 ficarent
448 2354 637 2420 enucleavit.
689 2355 743 2422 Sic
776 2358 861 2421 enim
893 2356 972 2421 dicit
1003 2356 1075 2437 „vix
1107 2355 1245 2420 fractus:
1280 2374 1376 2436 quem
1404 2353 1457 2418 vix

280 2465 399 2550 frangit
421 2471 454 2530 et
474 2465 631 2549 frangere,
654 2468 772 2534 nedum
793 2489 902 2534 secare
923 2467 1031 2552 potuit
1053 2466 1094 2531 ob
1118 2465 1303 2531 duritiem“.

285 2576 484 2660 1²*11thue
502 2578 665 2644 quenalis
692 2580 737 2645 sic
766 2577 887 2644 Culicis
910 2579 981 2645 loco
1009 2578 1088 2643 haec
1117 2578 1278 2662 participii
1299 2578 1346 2641 vis
1375 2575 1456 2641 bene

279 2689 452 2771 accipitur,
483 2694 536 2771 ut,
566 2691 596 2754 si·
623 2712 687 2755 non
713 2712 811 2756 vanas
840 2690 972 2770 umbras
995 2695 1026 2754 et
1045 2689 1200 2772 imagines
1223 2693 1372 2771 captare,
1401 2687 1456 2752 sed

280 2819 390 2863 verum
411 2798 518 2882 ipsum
540 2806 687 2866 excutere
709 2801 884 2884 studemus,
913 2806 999 2867 recte
1026 2801 1111 2865 vocis
1133 2802 1311 2864 inexcessus
1333 2803 1457 2864 senten-

279 2911 357 2975 tiam
384 2912 420 2994 ia,
451 2913 505 2995 qut
527 2914 627 2976 excuti
648 2934 717 2977 aaa
735 2920 833 2997 potest
864 2919 1030 2978 teneamus
1055 2917 1153 2994 atque
1181 2914 1228 2976 ita
1255 2931 1319 2974 non
1353 2907 1456 2974 solum

279 3021 475 3106 depravatae
505 3023 650 3089 codicum
681 3025 875 3108 scripturae,
904 3045 1015 3088 verum
1042 3023 1140 3089 etiam
1162 3022 1225 3088 toti
1253 3021 1357 3086 tenori
1384 3019 1456 3085 sub·

279 3135 453 3198 veniamus.
504 3136 662 3201 Attamen
689 3157 809 3219 versus,
839 3156 919 3219 quos
944 3140 1136 3217 tractamus,
1160 3133 1306 3218 pluribus
1332 3131 1455 3197 mendis

278 3245 440 3329 inquinati
462 3252 547 3329 sunt,
570 3253 695 3314 restant
716 3249 780 3314 duo
804 3248 869 3313 alia
889 3247 1091 3329 alterumque
1113 3246 1346 3330 gravissimum,
1368 3243 1456 3326 quod

280 3365 441 3441 quantum
464 3359 506 3424 sit
535 3379 575 3424 ex
604 3360 696 3443 copia
726 3360 983 3425 coniecturarum
1008 3359 1215 3443 intelligitur,
1249 3359 1321 3424 dico
1346 3356 1455 3437 verba,

279 3490 363 3552 quae
383 3469 561 3545 Bembinus
582 3476 614 3536 et
635 3469 911 3553 Cantabrigiensis
933 3470 978 3535 sic
998 3470 1151 3537 exhibent
1177 3473 1271 3536 sociat
1296 3470 1333 3534 de
1352 3469 1455 3554 gloria

278 3573 377 3666 scrib,
391 3582 570 3651 Vossianus
585 3586 720 3648 societas
739 3583 843 3668 plorata
854 3584 953 3664 sortia
976 3582 1243 3650 Helmstadiensis
1258 3584 1351 3648 sociat
1366 3600 1455 3665 quem

278 3693 381 3778 paria
398 3694 503 3777 fortia
548 3693 701 3760 Editores
724 3699 846 3760 veteres
873 3695 1069 3779 scripserunt
1088 3697 1217 3760 sociatae
1241 3696 1344 3781 glorio
1366 3693 1456 3758 sortis

279 3809 313 3869 et
340 3803 488 3887 Hauptio
509 3803 753 3889 Ribbeokioque
781 3804 1021 3886 satisfecerunt3
1048 3807 1251 3872 coniecerunt
1271 3827 1345 3872 vero
1373 3802 1456 3867 Bar-

278 3915 365 3981 thius
385 3917 479 3982 sociat
494 3937 583 4001 quara
595 3918 698 4001 gloria
711 3920 796 4001 sorti,
813 3918 864 3983 cui
879 3916 1097 3984 Baehrensius
1116 3918 1322 4004 astipulatur,
1339 3915 1455 3981 Hertz-

278 4027 408 4111 bergius
424 4029 518 4092 sociat
536 4047 613 4112 'quos
631 4029 734 4113 pirric
747 4078 754 4094 .
768 4078 797 4094 ..
822 4027 989 4096 Sententia
1010 4035 1129 4114 autem,
1149 4032 1234 4097 unde
1256 4029 1455 4116 proficiscen-

279 4139 355 4204 dum
388 4133 454 4221 est,
482 4138 587 4204 vorbis
613 4139 693 4205 baec
721 4142 851 4207 subesse
880 4142 1022 4208 videtur:
1054 4122 1158 4226 Aiax,
1189 4143 1299 4226 quiin
1321 4143 1455 4208 heroum

349 4377 371 4446 ¹)
389 4377 425 4431 in
437 4375 503 4434 edit
521 4373 625 4434 quen,
638 4382 688 4433 set.
700 4381 776 4434 1820
792 4379 848 4436 vol.
865 4379 899 4434 H
915 4398 943 4450 p.
961 4381 1020 4434 222.
