3294 5086
674 414 887 473 ..19-

189 576 300 662 Quid?
330 601 372 644 an
393 578 545 647 Vossiani
577 581 692 661 rerba,
727 602 828 664 quae,
862 582 1007 664 quamvis
1034 580 1122 646 haud
1155 581 1264 662 inepta
1294 580 1367 661 sint,

188 697 297 756 tamen
326 691 492 774 respecto
517 692 645 775 quidem
668 692 950 757 verisimilitudinis
971 692 1170 775 probantur,
1200 690 1242 756 ad
1263 689 1369 756 locum

189 801 368 867 sanandum
390 802 625 868 adhibeamus?
653 803 769 886 Neque
802 804 886 868 euim
918 805 1154 887 praestantiora
1184 824 1282 887 quam
1311 801 1368 866 illa

189 919 274 996 sunt,
310 921 347 979 ut
378 914 429 980 vel
458 917 588 981 minima
613 915 710 980 laude
740 920 873 980 careant
902 915 1058 999 nobisque
1086 915 1147 981 hac
1169 916 1293 980 ratione
1316 913 1387 980 vix.

189 1025 407 1108 persuadeant
438 1029 533 1093 unius
567 1013 641 1093 libri
674 1027 857 1092 testimonio
889 1024 974 1090 fulta
1009 1033 1188 1092 ceterorum
1221 1026 1388 1114 codicum

189 1136 317 1201 lectioni
344 1139 556 1221 praeferenda
575 1162 653 1222 esse,
676 1159 791 1221 neque,
814 1139 847 1202 id
870 1137 956 1222 quod
978 1139 1109 1202 maximi
1134 1144 1182 1203 est
1205 1139 1367 1219 momenti,

190 1249 367 1332 quidquam
397 1252 609 1317 dubitationis
640 1251 764 1332 haeret,
798 1250 875 1333 quin
904 1249 1033 1314 aliunde
1062 1271 1175 1314 revera
1204 1249 1367 1314 fluxerint.

190 1358 297 1441 Quam
315 1367 353 1426 ut
367 1345 471 1446 piane,
496 1365 523 1428 si
545 1363 597 1428 cui
619 1368 678 1444 est,
702 1362 824 1444 tollam,
847 1359 947 1426 affero
967 1360 1047 1425 duos
1068 1358 1156 1424 locos
1179 1382 1218 1425 ex
1230 1361 1368 1445 Vergilii

189 1472 383 1536 carminibus
403 1473 618 1559 depromptos,
641 1474 683 1538 ad
699 1494 779 1557 quos
799 1472 952 1541 Vossiani
969 1472 1066 1538 verba
1085 1471 1285 1538 conformata
1299 1494 1367 1538 esse

189 1582 395 1648 manifestum
418 1591 482 1649 est:
507 1585 624 1668 Georg.
647 1586 667 1649 I
689 1588 751 1650 280

359 1781 362 1787 Ι
758 1679 829 1760 tum
850 1700 947 1777 partu
963 1693 1070 1784 'Terra
1092 1694 1231 1760 nefando

318 1806 504 1889 Coeumque
526 1807 738 1892 Iapetumque
760 1811 848 1870 creat
869 1827 1061 1888 saevumque
1083 1805 1232 1891 'typhum

321 1924 354 1983 et
377 1921 561 1986 coniuratos
583 1919 707 1984 caelum
728 1918 910 1983 rescindere
932 1917 1058 1984 fratres.

189 2027 276 2092 Aen.
299 2028 338 2093 II
361 2035 423 2095 582
612 2111 615 2118 ι

321 2140 374 2205 hio
396 2148 429 2206 et
451 2141 589 2207 Aloidas
610 2142 754 2224 geminos
776 2141 929 2206 immania
950 2140 1016 2205 vidi

318 2273 461 2337 corpora,
482 2254 539 2334 qui
560 2253 709 2319 manibus
731 2275 882 2336 magnum
901 2251 1081 2317 rescindere
1105 2251 1230 2317 caelum
1323 2233 1325 2236 ⁵

318 2367 468 2446 aggressi.
1387 2449 1388 2452 Ἴ

275 2474 332 2540 Ab
343 2474 405 2540 hoc
417 2475 487 2540 loco
501 2497 563 2540 non
575 2476 801 2558 disiungantur
812 2476 919 2557 verba,
941 2496 1023 2557 quae
1037 2477 1182 2558 proxime
1196 2477 1365 2560 insequun-

190 2592 253 2668 tur,
265 2587 392 2669 quibus,
404 2587 465 2652 etsi
477 2587 577 2651 multo
590 2587 691 2651 multo
702 2585 865 2650 diffieilior
875 2584 913 2650 fit
925 2587 1125 2670 disceptatis,
1147 2593 1255 2651 tamen
1267 2587 1366 2652 ambi·

190 2718 274 2779 guae
290 2700 378 2762 vocis
390 2720 451 2764 usu
463 2697 652 2763 excutiendo
675 2698 728 2761 vix
750 2697 925 2780 quidquam
947 2698 1269 2787 relinquaturdubii,
1288 2699 1366 2782 quin

190 2809 402 2874 vetustiorum
422 2808 578 2874 librorum
600 2808 695 2874 lectio
717 2808 933 2892 praestantior
955 2810 1005 2880 sit.
1050 2809 1112 2874 Est
1133 2832 1242 2876 versus
1265 2813 1326 2875 248

320 2927 417 3006 atque
439 2920 519 2986 alias
539 2921 603 2986 alio
627 2921 740 2986 densas
759 2942 854 3003 super
876 2923 1004 3003 agmine
1027 2926 1149 2987 turmas

189 3032 246 3097 ubi
255 3031 432 3098 Vossianus
443 3033 549 3096 tardus
561 3031 671 3097 habet.
688 3031 751 3097 Oui
759 3032 943 3114 depravate,
955 3053 1028 3096 cum
1039 3054 1102 3097 non
1115 3032 1365 3116 interpretando,
1447 3052 1455 3070 ·

189 3144 246 3208 sed
268 3143 455 3226 corrigendo
478 3143 573 3207 modo
597 3143 820 3227 opitulandum
842 3146 892 3225 sit,
924 3144 980 3208 lux
1001 3147 1105 3226 prima
1134 3141 1264 3225 affulsit,
1293 3166 1366 3209 oum

188 3253 355 3339 Hauptius
365 3276 474 3338 supero
489 3276 547 3337 pro
562 3276 664 3338 saper,
680 3277 776 3338 quam
792 3255 925 3319 eandem
937 3252 1255 3319 sententiamBirtius
1270 3257 1366 3338 scrip·

186 3372 262 3431 tura
290 3388 399 3451 sequor
421 3366 510 3430 haud
537 3366 621 3430 male
650 3363 826 3449 praebuit,
847 3366 1029 3430 emendavit
1059 3364 1365 3448 fundamentumque

186 3482 256 3540 tam
279 3478 394 3543 stabile
419 3477 514 3542 huius
536 3475 675 3541 difficilis
696 3477 758 3541 loci
780 3476 864 3559 iecit,
894 3484 931 3542 ut
957 3497 1052 3541 sensu
1074 3476 1385 3542 111111111111111111

185 3608 226 3652 ac
255 3587 383 3653 firmato
406 3608 470 3651 non
495 3587 559 3651 iarn
585 3591 648 3652 arti
673 3588 804 3653 criticae
830 3587 1013 3653 incumbere
1041 3609 1209 3671 cogamur,
1240 3589 1295 3654 sed
1322 3589 1365 3654 ad

184 3701 386 3782 propositum
417 3700 522 3783 ipsum
549 3699 683 3782 aggredi
705 3700 870 3783 possimus.
914 3698 1042 3764 Pendet
1062 3705 1171 3765 autem
1198 3699 1237 3764 de
1269 3699 1365 3766 libro·

123 3849 126 3855 ·
184 3831 260 3874 rum
290 3811 514 3877 aestimatione
543 3811 688 3893 quaestio
720 3810 772 3874 hic
803 3833 842 3877 ex
874 3809 1104 3894 significatione
1135 3811 1365 3876 vocabulorum

184 3921 397 3999 turmaltarbo
428 3929 578 3988 accurate
614 3923 834 4007 ponderanda.
890 3920 982 4005 Quae
1012 3929 1050 3987 ut
1078 3928 1258 4005 statuatur,
1293 3944 1365 4006 pro-

184 4031 393 4098 ficiscendum
424 4055 490 4099 esse
513 4034 639 4099 videtur
664 4057 683 4099 a
710 4034 841 4118 propria
870 4034 901 4098 vi
923 4035 1008 4098 vocis
1033 4040 1150 4097 turma:
1175 4035 1281 4103 Varro
1299 4033 1364 4098 tl.

184 4143 334 4238 ὅ1716191
370 4144 448 4210 dicit
486 4153 610 4227 „turma
637 4147 753 4210 terima
781 4146 868 4229 quod
895 4145 1020 4210 terdeni
1051 4145 1174 4228 equites
1201 4144 1364 4235 extribus

182 4254 336 4321 tribubus
348 4255 548 4339 Titiensium,
564 4257 748 4340 Ramnium,
759 4257 920 4322 Lucerum
935 4256 1085 4324 fiebant.“
1120 4255 1237 4321 Festus
1253 4277 1285 4340 p.
1302 4261 1363 4334 353

184 4372 348 4446 ,turmam
375 4369 520 4451 equitum
550 4370 670 4434 dictam
691 4390 758 4434 esse
781 4368 947 4434 Curiatius
974 4368 1068 4451 quasi
1089 4371 1246 4450 terimam,
1277 4367 1364 4450 quod

1179 4470 1211 4524 2*
