3294 5086
702 400 915 462 ..21-

220 572 253 633 et
278 566 375 634 huius
404 572 438 633 ct
466 573 645 634 ceterorum
676 568 823 635 codicum
852 569 966 653 aequis
998 569 1113 636 animis
1141 568 1193 635 vel
1219 563 1400 654 paullulum

219 679 379 746 rationem
400 680 587 747 habeamus.

305 791 413 857 Multo
433 792 559 859 facilius
581 793 623 860 ad
638 794 877 879 explanandum
896 795 1037 860 occurrit
1051 815 1152 878 genus
1167 792 1400 879 discrepantiae
1424 819 1428 856 ;

218 903 253 967 in
274 903 420 968 versibus
441 903 711 988 subsequentibus
730 925 778 971 vs.
802 909 984 972 λδΙ-λόλ,

184 1011 189 1022 “
346 1017 412 1080 iam
433 1015 633 1082 Pandionias
655 1016 855 1083 miserandas
878 1017 968 1103 prole
989 1015 1114 1103 puellas

348 1147 485 1209 quarum
506 1149 568 1194 vox
590 1129 618 1194 it
639 1128 793 1212 inedytyn
816 1149 880 1212 quo
903 1128 1073 1196 Bistonius
1094 1149 1152 1194 rex
1175 1128 1206 1192 B

502 1240 589 1304 vexit
610 1240 755 1324 inedityn
780 1240 807 1305 0

384 1369 487 1433 quare
504 1371 567 1416 vox
587 1351 725 1419 iteratur
745 1350 817 1416 itim
846 1349 877 1413 V

306 1459 429 1526 Procne
449 1461 632 1529 Pandionia
652 1465 724 1548 ipsa
745 1463 821 1546 Ityn
843 1445 946 1527 filium
977 1483 1017 1527 ex
1043 1482 1077 1527 se
1108 1465 1141 1526 et
1161 1459 1264 1527 Tereo
1286 1464 1399 1527 natum

213 1570 337 1637 'occidit
359 1575 509 1657 patrique
536 1575 569 1641 in
596 1574 699 1660 epulis
722 1574 874 1659 apposuit
902 1580 934 1639 et
964 1595 1037 1639 cum
1059 1593 1169 1640 sorore
1189 1571 1334 1658 profugit
1353 1593 1399 1638 se

220 1683 362 1748 cundum
394 1683 483 1768 Hyg.
517 1685 583 1752 fab.
614 1688 674 1768 45,
708 1688 760 1751 cni
791 1685 903 1771 Apoll.
937 1684 1015 1750 bibl.
1050 1683 1195 1771 1111sfs
1226 1683 1401 1769 respondet

220 1787 256 1880 (ἦ
275 1792 309 1858 δὲ
331 1794 480 1882 (Πρόκνη)
503 1793 719 1884 ἀναζητήσασα
745 1796 801 1885 τήν
828 1794 969 1884 ἀδελφὴν
992 1801 1103 1862 κτείνει
1124 1795 1178 1862 τόν
1199 1796 1301 1862 παῖδα
1319 1794 1400 1862 ’Ίτον

218 1903 270 1970 καὶ
293 1907 503 1994 καθεψήσασα
523 1916 615 1996 Τηρεῖ
634 1908 762 1975 δεῖπνον
783 1912 985 1995 παρατίθησι.
1027 1908 1142 1996 uppem
1161 1908 1196 1974 δὲ
1211 1905 1401 1991 αἰσθόμενος
1447 1941 1456 1954 ·

219 2011 366 2102 ἁρπάσας
386 2019 518 2084 πέλεκυν
538 2018 672 2086 ἐδίωκεν.
692 2022 729 2086 αἳ
743 2020 777 2086 δὲ
796 2018 828 2086 ἐν
850 2020 974 2105 Δαυλίᾳ
994 2025 1051 2105 τῆς
1071 2019 1212 2097 Φώκιδος
1240 2015 1401 2104 γινόμεναι

219 2128 486 2217 περικατάληπτοι
522 2136 612 2210 θεοῖς
647 2129 790 2213 εὔχονται
824 2127 1068 2218 ἀπορνεωθῆναι
1103 2130 1154 2196 καὶ
1185 2131 1308 2219 Πρόκνη
1342 2131 1400 2214 μὲν

217 2245 337 2325 γίνεται
351 2239 464 2329 ἀηδών,
489 2242 655 2330 Φιλομήλα
669 2242 704 2308 δὲ
719 2241 875 2330 χελιδών).
907 2243 984 2309 Huc
1001 2247 1147 2327 spectant
1160 2241 1260 2309 verba
1273 2248 1399 2328 poetae,

219 2375 302 2437 quae
323 2354 440 2420 mirum
462 2360 618 2437 qnantum
637 2355 778 2421 virorum
798 2356 968 2422 doctorum
988 2352 1112 2419 animos
1135 2375 1238 2438 nsque
1257 2354 1301 2420 ad
1315 2353 1400 2422 Silli-

219 2467 308 2550 gium
330 2473 535 2532 vexaverunt.
580 2464 646 2550 Qui
673 2488 747 2533 cum
775 2467 809 2531 in
836 2467 959 2533 tradita
985 2464 1145 2550 scriptura
1172 2467 1198 2530 a
1223 2466 1258 2529 ιἰι
1284 2464 1399 2550 adytpn

219 2577 311 2660 Ityos
331 2599 446 2644 nomen
469 2580 519 2645 bis
541 2579 662 2646 elatum
680 2579 782 2645 latere
797 2578 1016 2660 intellexisset,
1036 2597 1162 2642 versum
1179 2577 1227 2641 ita
1247 2575 1399 2659 restituit,

218 2696 256 2755 ut
278 2690 427 2757 omnibus
448 2689 657 2775 persuaderet
678 2712 746 2776 nec,
768 2695 926 2774 qnantum
947 2688 1050 2771 video,
1076 2709 1187 2754 eorum
1209 2687 1266 2771 qui
1286 2693 1400 2772 postca

218 2822 347 2866 carmen
380 2801 550 2868 ediderunt
583 2802 755 2886 quisquam
792 2803 833 2868 de
869 2801 932 2867 hac
967 2800 1190 2866 emendatione
1226 2800 1399 2867 recederet.

219 2911 396 2996 Proposuit
416 2914 501 2979 enim
520 2913 621 2979 talem
642 2914 814 2980 verborum
836 2913 1121 2980 conformationem

334 3026 487 3107 'quarum
506 3047 568 3091 vox
587 3026 662 3110 Ityn
683 3026 751 3092 edit
773 3026 892 3110 Ityn..
907 3074 936 3092 ..

219 3136 403 3232 optimeque
436 3137 479 3202 ad
509 3136 676 3222 Sophoclis
709 3144 878 3205 venustam
915 3123 1128 3204 elocutionem
1160 3132 1335 3220 applicavit
1357 3126 1399 3197 ¹in

217 3245 340 3312 aleon.
362 3271 392 3314 v.
416 3253 477 3314 148
1273 3238 1276 3242 ’
1321 3237 1324 3242 ’

349 3357 420 3425 ἀλλ’
442 3361 501 3445 ἐμέ
518 3366 547 3448 γ’
571 3360 594 3429 οἱ
616 3360 767 3428 στονόεσσ
790 3359 905 3447 ἄραρεν
927 3358 1051 3446 poenos]

349 3467 465 3539 d'lnvv
486 3473 553 3540 αἰὲν
570 3473 650 3540 ’Ὶτον
671 3471 864 3558 ὀλοφύρεται

346 3581 432 3670 ὅρνις
451 3581 623 3669 α’τοζομένα
645 3584 727 3662 Διός
746 3581 880 3666 ἅγγελος

219 3713 328 3776 quam,
339 3698 399 3761 etsi
410 3698 663 3764 emendationem
674 3700 762 3762 recte
773 3699 860 3758 stare
871 3714 928 3777 per
939 3711 973 3757 se
984 3711 1049 3757 non
1060 3690 1279 3776 comprobant,
1291 3695 1399 3756 tamen

219 3803 338 3871 clarius
348 3808 511 3875 illustrare
524 3813 557 3874 et
571 3808 610 3890 ei,
627 3806 746 3892 quippe
761 3826 846 3890 quac
856 3804 944 3869 ultro
956 3823 1058 3887 paene
1070 3824 1104 3870 se
1117 3802 1242 3886 offerat,
1254 3802 1400 3885 aliquan·

219 3923 290 3982 tum
304 3921 439 3987 subsidii
450 3942 565 4007 parare
581 3921 652 4004 quis
665 3926 713 3986 est
724 3918 781 4002 qui
791 3914 908 4002 neget?
924 3913 1137 3998 addubitans,
1148 3913 1271 4000 opinor,
1283 3911 1400 3996 Silligii

220 4033 403 4100 coniectura
422 4035 544 4117 nequit,
560 4033 617 4099 sed
633 4031 712 4116 quid
724 4029 876 4098 Vossiani
890 4027 1060 4094 lectionem
1076 4048 1172 4113 quare
1189 4047 1247 4092 νοτ
1269 4027 1401 4091 damur

219 4149 289 4212 itim
301 4167 370 4212 esse
381 4143 553 4212 iubemus?
572 4143 687 4210 Nonne
698 4141 886 4208 correctoris
899 4161 997 4210 manu
1010 4138 1124 4208 effecta
1139 4159 1209 4206 esse
1220 4136 1347 4204 videtur
1356 4157 1399 4202 an

220 4259 389 4326 credamus
404 4263 534 4343 poetam
548 4259 596 4323 ita
611 4257 756 4323 locutum
769 4274 847 4337 esse,
869 4258 908 4318 ut
922 4252 1052 4341 linguae
1074 4251 1194 4320 rationi
1214 4249 1397 4320 aduersam

221 4370 299 4437 tun?
322 4369 491 4438 Neminem
517 4369 602 4454 fugit
622 4367 683 4435 hoc
703 4365 813 4440 statui¹
830 4387 900 4436 non¹
912 4365 1026 4446 licere3
1059 4362 1204 4447 quamvis
1227 4361 1312 4429 enim
1333 4381 1400 4427 can·
