3294 5086
726 369 938 432 ,37-

245 537 330 602 unde
357 535 497 604 efficitur
519 540 652 603 nammis
673 538 843 604 lectionem
871 537 1074 612 abiciendam
1101 541 1134 602 et
1159 537 1301 619 ineptam
1326 534 1423 600 inter·

245 648 440 732 polationem
457 647 641 715 habendam
656 671 731 716 esse.
761 649 866 714 Porro
883 647 958 732 quid
975 648 1014 714 de
1029 671 1075 713 vs.
1089 652 1130 712 42
1152 647 1359 713 statuendum
1375 627 1424 713 est

374 763 485 845 ignens
505 761 673 827 aethereus
695 764 760 827 iarn
784 762 832 827 sol
851 760 1042 844 penetrabat
1064 760 1096 824 in
1120 779 1208 825 arces

245 871 302 936 ubi
323 871 502 940 Vossianus
525 873 642 938 balbas
672 895 731 958 pro
762 876 869 959 ipsam
888 869 1047 956 praebet?
1078 893 1151 937 eum
1181 876 1257 936 utra
1286 870 1425 954 genuina

246 984 288 1047 sit
308 989 430 1067 pateat,
454 1007 558 1050 nonne
579 987 661 1050 mira
683 990 732 1050 est
750 985 829 1050 haec
847 980 1087 1067 discrepantia?
1110 980 1173 1047 Sed
1193 982 1269 1065 quia
1290 982 1424 1048 candem

245 1117 323 1178 prae
346 1117 379 1160 se
402 1095 465 1162 fert
488 1103 638 1162 naturam
661 1095 839 1161 differentia
869 1097 902 1160 in
923 1118 967 1161 vs.
991 1099 1032 1159 47
1057 1095 1148 1178 flores
1169 1130 1211 1139 —
1233 1096 1329 1178 oollae,
1360 1095 1424 1161 iam

246 1212 332 1272 certo
356 1207 474 1273 iudicio
497 1213 628 1274 vs.'161
651 1209 815 1274 absolvere
836 1207 913 1273 licet

373 1323 495 1384 stratus
517 1320 606 1384 humi
628 1320 754 1385 dulcem
777 1319 923 1402 capiebat
944 1318 1038 1384 corde
1060 1319 1148 1400 quiet
1150 1338 1199 1382 em

246 1429 301 1494 ubi
325 1431 504 1498 Vossianus
524 1409 626 1496 tradit
612 1437 789 1516 t.soporem
834 1429 988 1496 Dilucide
1015 1436 1064 1495 est
1082 1429 1318 1513 depravationis
1340 1429 1423 1542 ratio

246 1562 374 1605 versum
396 1541 506 1624 paullo
531 1548 588 1607 ant
574 1543 771 1608 tecedentem
794 1546 856 1608 158
878 1542 1060 1625 respicienti

372 1655 484 1718 mitem
505 1656 649 1739 concepit
668 1657 789 1738 proiect
791 1676 829 1719 us
775 1653 996 1719 tmembra
1015 1675 1160 1738 soporem

246 1771 284 1829 ut
316 1765 356 1831 de
389 1766 664 1832 verisimilitudine
698 1788 761 1832 non
791 1767 929 1832 multum
959 1766 1162 1849 recedamus,
1197 1765 1223 1831 si
1255 1763 1423 1831 librarium

246 1878 346 1943 oculis
375 1878 417 1943 ad
446 1876 542 1943 finem
568 1878 654 1944 illius
675 1900 784 1944 versus
804 1879 966 1962 relapsum
996 1899 1063 1944 esse
1091 1883 1189 1961 atque
1211 1878 1259 1943 ita
1288 1898 1424 1962 soporem

247 2011 305 2073 pro
328 1992 457 2075 quidem
478 1990 691 2073 scripsissest
692 1991 845 2056 atuimus.
881 1991 934 2056 Ex
956 1990 1073 2056 erroris
1089 1989 1200 2055 eodem
1220 2011 1336 2073 genens
1353 1994 1424 2054 orta

247 2106 296 2165 est
319 2102 416 2166 etiam
439 2101 570 2168 diversit
556 2109 606 2168 tas
629 2102 837 2186 scripturae'
828 2125 861 2168 1n
886 2124 927 2168 vs
947 2105 1018 2184 170,
1041 2101 1098 2167 ubi
1115 2109 1219 2186 pectus
1239 2124 1259 2167 a
1277 2103 1423 2184 vetustis,

245 2231 355 2297 oopus
384 2234 404 2278 a
432 2216 552 2280 recenti
581 2214 664 2281 libro
687 2214 873 2298 exhibetur,
904 2236 1002 2297 quam
1025 2236 1133 2281 vocem
1161 2215 1194 2279 in
1222 2213 1423 2279 antecedenti

245 2345 338 2388 versu
367 2323 511 2408 legimus.
558 2325 621 2392 Sed
652 2333 689 2392 ut
714 2328 830 2392 horum
853 2326 1043 2391 mendorum
1072 2331 1188 2392 natura
1216 2326 1298 2390 vitro
1319 2324 1423 2409 perlu-

247 2436 347 2500 cidior
371 2443 428 2519 est,
452 2439 497 2503 sic
518 2439 675 2503 nonnulla
702 2439 766 2504 alia
787 2437 982 2503 intricabilia
1004 2437 1070 2502 fere
1092 2437 1240 2511 videntur
1260 2457 1338 2502 csse.
1383 2436 1423 2500 In

246 2547 360 2612 horum
369 2570 500 2615 numero
512 2549 616 2614 habeo
627 2571 754 2614 versum
762 2552 835 2632 402,
844 2551 900 2632 qui
911 2551 944 2614 in
951 2548 1109 2615 Bembino
1123 2547 1423 2633 ethntabrigisnsi

316 2747 318 2752 ‚
375 2657 486 2724 laurus
505 2662 584 2725 item
601 2660 726 2726 Phoebi
748 2682 882 2744 surgens
904 2661 1012 2744 decus,
1035 2661 1087 2728 hic
1105 2659 1314 2744 rododaphno

374 2768 507 2853 liliaque

247 2880 279 2945 in
303 2880 462 2949 Vossiano
485 2884 530 2949 sic
552 2889 657 2949 exstat

375 2993 486 3061 laurus
507 2996 583 3062 item
604 2996 729 3062 Phoebi
751 2997 846 3063 decus
869 3002 901 3062 et
923 3019 981 3062 sua
1002 2996 1121 3080 pagina
1142 2995 1219 3060 dicit

248 3127 346 3190 quam
371 3105 582 3173 differentiam
614 3108 831 3176 Baehrensius
865 3130 928 3174 non
959 3109 1025 3173 sine
1056 3128 1153 3174 causa
1184 3108 1289 3173 verbis
1324 3108 1423 3189 „miro

248 3223 373 3283 errore“
397 3218 501 3286 affert.
547 3220 646 3306 Origo
675 3222 770 3286 huius
798 3222 1015 3305 perversitatis
1044 3219 1131 3286 nullo
1161 3219 1256 3285 modo
1286 3219 1423 3303 perspici

248 3335 362 3412 potest,
385 3353 478 3416 quae,
501 3333 567 3398 sive
592 3333 633 3398 ad
654 3333 753 3397 alium
775 3331 894 3398 fontem
917 3337 1041 3416 spectat
1057 3333 1122 3398 sive
1143 3331 1268 3398 librarii
1288 3332 1422 3397 oscitan-

252 3441 317 3506 tiae
341 3447 397 3507 aut
419 3445 620 3509 correctionis
643 3444 860 3509 testimonium
883 3449 1026 3527 putatur,
1050 3448 1136 3508 certe
1151 3443 1423 3508 animadversione

249 3553 346 3636 digna
369 3560 426 3620 ost.
471 3554 624 3621 Ceterum
645 3555 754 3620 similis
772 3555 941 3620 verborum
959 3555 1146 3638 compositio
1161 3555 1196 3619 in
1210 3576 1254 3621 vs.
1271 3559 1310 3620 27
1326 3555 1422 3621 huius

250 3686 396 3730 carmrnrs

378 3779 469 3842 trista
491 3776 578 3842 Iovis
600 3777 783 3863 Rhoetique
803 3779 889 3845 canit
907 3801 971 3844 non
990 3781 1108 3865 pagina
1129 3780 1248 3846 bellum

248 3891 415 3956 invenitur.
443 3929 487 3936 —
517 3888 606 3974 Apte
635 3891 711 3956 huic
740 3893 810 3957 loco
832 3913 877 3958 vs.
900 3897 962 3958 332
993 3894 1171 3976 scripturae
1198 3893 1337 3959 varietas
1369 3913 1422 3958 an·

248 4003 401 4083 nectitur,
427 4001 483 4067 ubi
504 4004 621 4068 mirum
650 4011 807 4088 quantum
833 4006 956 4072 codices
983 4007 1015 4070 in
1045 4027 1110 4071 una
1141 4028 1216 4072 voce
1245 4005 1421 4090 discedunt,

248 4137 323 4182 nam
345 4114 540 4198 antiquiores
561 4116 605 4180 sic
624 4116 722 4182 verba
743 4117 878 4184 tradunt

377 4227 586 4312 Ethneusquo
610 4227 756 4313 Cyclops,
779 4229 871 4295 illum
892 4230 1065 4296 metuenda
1087 4230 1257 4314 charybdis

250 4340 407 4405 recentior
425 4345 536 4405 contra
553 4342 688 4426 praebet
706 4364 764 4425 pro
787 4343 948 4408 metuendo
962 4343 1154 4410 vocabulum
1170 4343 1305 4429 robolar,
1325 4364 1421 4428 quem
