3294 5086
704 317 918 378 ..48-

222 484 278 550 ubi
300 483 480 551 Vossianus
504 507 612 551 vocem
644 487 724 550 loeta
753 475 883 550 exhibet
909 485 1026 549 litteris
1058 469 1127 548 leto.
1178 483 1298 550 Omnes
1325 506 1399 549 vcro

222 595 320 660 libros
343 618 362 661 a
385 618 459 663 vero
479 597 647 663 aberrasse
668 599 733 661 iam
756 597 811 662 diu
834 596 893 661 riri
915 596 1002 661 docti
1024 603 1241 678 cognoverunt
1263 618 1400 661 summo-

193 763 195 766 .
222 728 284 789 que
314 709 383 772 iure
416 710 608 792 scripturam
642 709 835 775 deteriorum
869 710 951 772 iacto
983 707 1017 771 in
1046 712 1172 771 textum
1201 714 1399 792 receperunt.

221 818 370 884 Bembini
397 825 429 883 et
452 818 729 902 (laulabrigieusis
755 819 932 886 communis
962 818 1032 882 fons
1061 819 1128 882 sine
1157 818 1254 883 dubio
1277 821 1399 886 scribae

222 931 368 996 socordia
391 932 471 995 loeta
491 931 651 1014 praebuit,
674 953 758 1015 quae
777 953 838 997 vox
861 952 958 1013 quam
981 928 1075 995 facile
1098 951 1137 994 ex
1154 928 1301 996 [ACTA
1324 933 1399 996 oriri

222 1043 372 1125 poluerit,
396 1063 458 1107 non
482 1047 538 1124 est,
555 1064 612 1107 cur
634 1050 822 1128 exponatur.
859 1043 996 1107 Etcum
1018 1041 1098 1106 haec
1120 1041 1214 1106 lectio
1237 1042 1316 1106 nihil
1339 1044 1399 1107 uisi

219 1175 327 1218 merus
356 1174 446 1219 error
474 1153 621 1237 putanda
647 1155 705 1238 sit,
737 1157 834 1220 etiam
863 1154 1000 1219 alierum
1033 1154 1276 1238 apographum,
1311 1155 1398 1236 quod

219 1264 436 1329 Baehrenaius
466 1267 674 1348 excogitavit,
706 1266 843 1331 eundem
870 1265 1020 1331 habuisse
1047 1265 1164 1329 calami
1194 1265 1323 1349 lapsum
1347 1267 1399 1330 vix

219 1375 369 1440 credibile
393 1381 451 1440 est.
494 1376 677 1460 Propterea
711 1399 809 1460 quam
839 1383 1021 1442 contortum
1053 1382 1086 1440 et
1117 1377 1318 1441 acculeatum
1352 1399 1400 1442 so-

219 1486 347 1569 phisma
378 1488 432 1552 ille
465 1487 567 1552 altero
599 1488 807 1554 fundamento
833 1487 983 1556 Vossiani
1020 1487 1202 1552 substructo
1240 1491 1397 1572 statuerit,

220 1599 299 1680 quid
322 1604 370 1662 est
387 1597 491 1664 verbis
513 1598 619 1683 opus?

304 1708 377 1775 Iam
397 1716 433 1774 ut
455 1711 497 1775 ad
518 1717 697 1776 extremum
720 1732 879 1776 summam
904 1710 1089 1791 sentcntiae,
1120 1731 1218 1792 quam
1250 1710 1311 1774 hac
1338 1710 1399 1775 dis-

219 1821 388 1904 putatione
406 1824 492 1886 omni
515 1831 662 1907 exparte
680 1824 889 1907 comprobare
906 1844 943 1887 ac
963 1821 1105 1887 stabilire
1128 1821 1247 1903 studui,
1272 1819 1397 1904 faciam,

224 1931 305 2020 haec
327 1932 391 1996 duo
411 1935 568 1998 contendo

314 2042 497 2108 Vossiouum
515 2047 659 2128 primum
683 2066 744 2109 aon
772 2067 809 2109 ac
835 2047 931 2109 allero
951 2043 1144 2127 apoprapho,
1166 2043 1219 2107 sed
1242 2065 1279 2107 ce
1298 2046 1398 2110 eodem

218 2154 307 2238 fonte
332 2175 391 2238 quo
421 2155 608 2220 Bembiuum
638 2164 665 2221 et
697 2157 996 2241 Cantabripieusem,
1022 2156 1155 2237 sortasse
1185 2176 1222 2218 ex
1250 2155 1399 2222 Bembirro

223 2268 298 2348 ipsc,
320 2286 376 2348 per
398 2269 498 2331 varios
517 2268 637 2351 proclus
653 2269 788 2351 flucisse,

307 2384 374 2441 tum
400 2378 489 2462 foede
521 2381 738 2464 interpolatum
763 2402 823 2444 osse
849 2383 972 2463 eiusque
998 2376 1222 2462 discrepantias
1243 2381 1402 2464 plurimos

221 2487 279 2552 luc
302 2489 416 2573 referri
438 2497 582 2574 oportere.

678 3223 948 3291 ERRATUM.

312 3393 340 3444 p.
360 3375 390 3428 ll
409 3394 448 3430 vs.
466 3378 483 3430 8
500 3394 552 3446 pro
570 3375 642 3431 male
655 3393 709 3445 pro
726 3376 800 3430 mula
817 3375 967 3446 legendum
985 3381 1027 3432 erl
1044 3379 1115 3434 male
1133 3397 1183 3450 pro
1202 3380 1285 3435 mala.

506 4303 576 4354 unm
589 4302 616 4344 G.
632 4304 687 4343 Patr
702 4302 805 4352 [hippum
818 4301 839 4342 &
852 4301 906 4353 Oc),
926 4303 1054 4353 Numburffl
1068 4303 1097 4344 ad
1111 4303 1136 4345 S..
