3294 5086
757 301 968 361 ..13-

278 474 326 533 est
344 466 555 550 dubitationi,
579 474 684 534 totum
703 468 904 534 enuntiatum
926 469 1135 551 contempsisse
1152 466 1231 532 dolet
1248 487 1308 551 quc
1326 468 1454 530 nurnine

276 565 363 644 eicit
382 580 490 645 acerbe
518 578 712 645 obscuritate
740 579 889 661 involvit,
915 600 979 662 qua
1004 578 1065 643 hoc
1094 599 1222 643 cumen
1252 576 1362 660 augeri
1390 598 1455 641 non

277 691 364 757 licet.
410 689 502 774 Quae
522 691 548 756 si
568 697 655 757 recte
678 691 842 775 disputate
863 697 953 774 sunt,
976 690 1063 757 cadit
1082 690 1139 754 illa
1161 689 1361 771 coniectura,
1390 710 1454 772 qua

276 803 356 869 nihil
378 802 546 886 efficiatur,
570 809 617 886 ut,
641 825 713 868 cum
735 810 912 869 ceterorum
931 802 1076 868 codicum
1092 802 1186 868 lectio
1201 801 1263 866 levi
1276 800 1454 866 mutatione

276 914 425 981 adhibita
440 915 521 980 bene
537 935 570 980 se
584 913 713 998 habeat,
729 914 918 980 Baehrensii
934 920 1042 979 autem
1058 913 1237 978 emendatio
1253 913 1350 994 nullo,
1367 911 1454 994 quod

277 1026 414 1109 videam,
445 1025 664 1108 adstipulante
685 1026 782 1092 verba
804 1026 927 1092 tradita
948 1025 1050 1108 magis
1073 1026 1225 1109 depravet
1247 1045 1343 1107 quam
1364 1023 1454 1088 resti-

276 1142 361 1221 tuat,
378 1139 411 1204 in
433 1137 524 1204 libris
547 1141 616 1202 iure
639 1138 850 1203 subsistamus
870 1142 902 1201 et
924 1158 1017 1201 omne
1036 1136 1177 1202 studium
1193 1156 1289 1220 opera
1302 1133 1454 1201 Vossiani

277 1247 382 1316 Oulici
404 1249 538 1315 camini
560 1247 717 1314 medelam
738 1248 911 1314 adhibendi
932 1247 1026 1312 inane
1048 1269 1116 1313 esse
1135 1253 1168 1314 et
1190 1269 1229 1312 ex
1247 1244 1455 1310 antecedente

276 1366 309 1426 et
331 1382 370 1425 ex
391 1360 453 1425 hoc
474 1360 546 1424 loco
568 1365 654 1425 recte
676 1359 915 1425 concludamus.

361 1471 435 1538 lam
453 1470 529 1536 licet
554 1473 696 1537 animum
718 1471 761 1536 ad
783 1492 893 1536 versus
913 1470 1023 1555 paullo
1044 1471 1257 1555 antepositos
1276 1468 1452 1549 advertere,

276 1585 350 1650 diso
373 1606 419 1650 vs.
442 1586 612 1648 234—236

406 1716 483 1760 nam
504 1695 630 1759 rinctus
652 1693 742 1758 sedet
763 1693 909 1758 immanis
932 1694 1132 1779 serpentibus
1155 1692 1236 1758 Otos

362 1787 366 1798 ⁵
405 1806 588 1873 devinctum
610 1810 753 1870 maestus
775 1803 888 1889 procul
908 1805 1065 1889 aspiciens
1088 1804 1264 1888 Ephialten

407 1917 515 1984 conati
537 1917 700 2001 quondam
722 1937 794 1980 oum
817 1916 881 1980 sint
902 1916 1085 1983 inscendere
1105 1916 1260 1981 mundum
1282 1915 1343 1980 Bc

406 2029 515 2093 conati
537 2049 635 2111 quom
655 2027 718 2092 sint
737 2027 899 2109 quondam
921 2029 1100 2094 rescindere
1122 2027 1246 2093 caelum
1275 2026 1303 2089 V

361 2138 417 2203 Ab
441 2139 587 2204 omnibus
602 2138 764 2205 codicibus
777 2137 937 2204 Vossiano
954 2147 1085 2224 excepto
1101 2143 1262 2223 scriptura
1281 2135 1455 2203 inscendere

275 2250 429 2314 mnndum
452 2250 631 2332 exhibetur,
654 2250 695 2314 de
718 2250 809 2314 cuius
831 2252 1040 2332 perversitate
1062 2251 1182 2334 ambigi
1203 2251 1323 2334 nequit.
1358 2247 1454 2313 Duae

275 2361 346 2427 viae
367 2361 410 2426 ad
430 2361 530 2426 rerba
549 2361 737 2444 corrigenda
758 2366 886 2444 patent:
909 2368 967 2427 aut
982 2363 1097 2447 Odysa
1113 2363 1171 2428 XI
1184 2364 1354 2428 313-316
1373 2360 1454 2425 duce

402 2470 437 2537 οἵ
456 2497 497 2558 ρα
517 2473 569 2537 καὶ
590 2471 745 2538 ἀθάνατοι
767 2469 940 2559 ἀπειλήτην
961 2473 993 2538 ἐν
1015 2477 1162 2562 Ὀλύμπῳ

405 2583 568 2668 φυλόπιδα
590 2583 710 2671 στήσειν
733 2583 901 2660 πολυάϊκος
922 2589 1084 2668 πολέμοιο.

398 2691 507 2759 Ὄσσαν
528 2694 560 2759 ἐν
579 2693 742 2782 Οὐλύμπῳ
762 2695 905 2779 μέμασαν
926 2701 1025 2780 θέμεν
1047 2695 1147 2782 discip
1169 2694 1220 2760 ἐπ’
1238 2695 1329 2782 Ὄσσῃ

268 2891 272 2898 .
404 2804 523 2892 Πήλιον
543 2805 571 2871 εἰ
589 2808 765 2891 cointii-or,
784 2805 823 2872 ‘ir’
845 2805 975 2891 οὔρανος
994 2807 1135 2894 ἄμβαιος
1156 2807 1215 2895 sip.

275 2921 308 2980 et
319 2915 406 3000 Hyg.
419 2915 483 2982 fab.
497 2920 537 2981 28
556 2940 648 2998 „cum
659 2925 763 2983 essent
775 2940 932 2985 annorum
949 2943 1070 3003 novem,
1089 2922 1123 2985 in
1140 2920 1262 2984 coelum
1282 2917 1452 2982 ascendere

275 3029 383 3093 conati
398 3033 492 3093 sunt“
518 3030 685 3095 scribimus
703 3029 877 3094 inscendere
898 3032 1013 3095 coelum
1035 3037 1102 3113 aut,
1127 3033 1154 3097 si
1176 3052 1283 3096 vocem
1298 3029 1451 3094 rnnndnrn

274 3138 465 3223 retinemus,
495 3140 663 3205 rescindere
693 3138 862 3222 mnndum,
892 3163 1031 3224 quarum
1060 3145 1217 3227 posterior
1249 3141 1449 3227 simplicitate

274 3251 464 3315 mutationis
493 3252 595 3335 magis
617 3272 715 3333 quam
744 3251 847 3316 altera
875 3254 1133 3336 commendatur;
1165 3253 1294 3336 utrique
1320 3249 1448 3314 lectioni

274 3361 362 3427 favet
392 3361 503 3446 Apoll.
537 3361 615 3427 bibl.
649 3361 668 3426 I
699 3363 787 3446 7s41,
822 3363 879 3428 ubi
907 3364 1057 3447 legimus:
1090 3357 1176 3430 οὗτοι
1207 3366 1260 3450 (sc.
1287 3353 1372 3438 Ὦτος
1398 3359 1450 3423 καὶ

274 3468 456 3561 Ἐφιάλτης)
480 3522 563 3539 ....
595 3473 676 3560 πρὸς
696 3472 793 3550 θεούς
817 3474 979 3556 μάχεσθαι
1002 3475 1177 3541 διενοοῦντο
1194 3477 1246 3539 καὶ
1268 3475 1322 3562 τήν
1341 3472 1450 3538 ’Όσοαν

274 3582 329 3648 ἐπὶ
351 3583 405 3649 τὸν
420 3582 580 3666 Ὄλυμπον
599 3583 721 3662 ἔθεσαν,
744 3583 798 3650 ἐπὶ
816 3585 850 3650 δὲ
869 3585 924 3673 τήν
940 3585 1049 3651 Ὄσσαν
1071 3592 1179 3664 θέντες
1200 3586 1236 3652 τὸ
1258 3584 1377 3673 Πήλιον
1398 3583 1451 3649 dcci

274 3699 336 3759 τῶν
354 3693 438 3780 ὀρῶν
454 3692 604 3782 ἠπείλουν
624 3695 672 3774 εἰς
692 3693 824 3781 οὗοανόν
841 3694 1053 3785 ἀναβήσεσθαι
1075 3699 1126 3762 καὶ
1149 3698 1204 3784 τήν
1218 3697 1275 3778 μὲν
1289 3696 1450 3761 θάλασσαν

274 3805 431 3886 χώσαντες
451 3818 517 3885 τοῖς
543 3805 628 3890 ὄρεσι
643 3807 784 3896 ποιήσειν
805 3807 911 3894 ἔλεγον
927 3808 1065 3897 ἤπειρον,
1085 3809 1141 3896 τήν
1156 3809 1189 3874 δὲ
1203 3816 1261 3897 γῆν
1280 3807 1448 3873 θάλασσαν.

275 3916 428 3984 Ceterum
445 3939 508 3983 nen
523 3917 660 3983 multum
679 3919 891 4002 haerebimus,
913 3923 980 3986 utri
994 3922 1135 4006 palmam
1150 3922 1278 4002 demus3
1301 3918 1450 4003 equidem

273 4027 422 4093 Bembini
455 4035 488 4094 et
522 4027 795 4114 Oantabrigieusis
830 4032 1022 4116 scripturam
1052 4033 1254 4098 emendatam
1283 4030 1451 4096 rescindere

274 4138 429 4203 mnndum
451 4139 545 4205 valde
566 4140 645 4204 mihi
665 4141 806 4207 arridere
828 4141 941 4225 fateor,
964 4165 1029 4227 qua
1041 4145 1137 4227 plena
1153 4150 1185 4208 et
1198 4149 1276 4227 apta
1291 4142 1449 4208 sententia

274 4255 462 4334 procreatur
492 4256 524 4316 et
546 4251 764 4336 difficultates,
793 4253 820 4317 si
843 4254 971 4338 quidem
998 4261 1083 4339 sunt,
1107 4254 1257 4320 facillime
1280 4253 1449 4320 tolluntur.
