3294 5086
698 399 914 462 ..23-

304 563 379 631 Hoc
400 565 561 649 mendum,
589 572 626 632 ut
648 565 725 649 dixi,
757 568 823 633 iam
844 566 970 634 Bembo
992 572 1125 636 auctore
1153 566 1317 633 sublatum
1341 571 1399 650 est,

218 676 357 743 alterum
385 684 493 744 autom
513 700 616 762 usque
638 678 680 745 ad
704 684 848 745 nostram
869 681 1057 745 memoriam
1080 684 1294 764 propagatum
1314 680 1401 763 riget

218 807 287 868 neo,
311 793 456 870 quamvis
478 791 563 858 idem
592 790 641 855 vir
670 791 785 856 doctus
812 791 897 857 viam
918 792 1162 875 monstraverit,
1189 791 1327 857 editores
1353 789 1400 856 ita

220 919 349 981 vexare,
384 902 481 966 utin
510 902 653 968 diuersas
685 907 793 987 partes
821 901 1006 985 discedant,
1043 902 1170 968 desinit.
1221 900 1399 969 Bembinus

222 1012 362 1075 enimin
384 1014 543 1096 cccissum,
574 1011 850 1098 cantabrigiensis
872 1015 907 1078 in
928 1016 1072 1096 excisum,
1096 1014 1275 1083 Vossianus
1295 1015 1329 1078 iu
1351 1035 1399 1079 cc·

219 1124 331 1187 oetsum
354 1123 515 1208 exhibent,
537 1125 653 1208 quibus
672 1147 711 1191 ex
731 1125 879 1192 omnibus
900 1125 1067 1209 scripturis
1086 1145 1127 1190 ne
1149 1145 1246 1190 unam
1269 1125 1399 1208 quidem

218 1240 332 1318 poetae
360 1236 556 1302 reddendam
589 1258 658 1303 esse
689 1258 748 1320 per
775 1258 809 1302 se
838 1235 1037 1320 intelligitur.
1091 1235 1178 1302 Nam
1208 1241 1240 1303 et
1267 1237 1398 1304 illorum

216 1346 312 1412 lectio
333 1347 496 1413 reicienda
510 1352 568 1430 est,
592 1349 710 1433 quippe
725 1369 790 1431 qua
805 1353 945 1432 ponatur
962 1369 1033 1432 vox,
1053 1370 1137 1432 quae
1156 1347 1242 1433 apud
1262 1348 1398 1415 Latinos

165 1511 168 1518 .
218 1478 281 1522 nou
307 1463 432 1540 exstat,
462 1463 495 1524 et
521 1458 618 1524 huius
641 1460 759 1525 codicis
783 1460 881 1526 verba
903 1460 1035 1544 probari
1056 1465 1231 1544 nequeunt,
1260 1481 1335 1525 cum
1357 1460 1398 1526 si·

219 1569 294 1633 mile
316 1569 498 1654 exemplum
519 1570 628 1636 audax
649 1572 775 1655 generis
796 1572 923 1638 dicendi
945 1574 979 1636 iu
999 1573 1149 1638 excelsum
1167 1593 1225 1656 pro
1248 1573 1283 1636 ic
1304 1573 1396 1637 ccccl·

217 1700 287 1744 sum
314 1673 440 1745 modum
462 1703 526 1747 nou
547 1683 736 1750 inveniatur.
781 1682 873 1749 Nihil
899 1683 998 1767 igitur
1026 1685 1170 1768 ambigui
1195 1683 1395 1767 relinquitur,

216 1791 295 1874 quid
311 1792 351 1858 de
365 1792 415 1857 his
431 1792 654 1876 discrepantiis
668 1795 876 1860 iudicandum
891 1795 943 1878 sit,
959 1796 1057 1860 immo
1069 1798 1211 1860 virorum
1226 1794 1396 1860 doctorum

204 1903 350 1969 'conatus
378 1904 420 1970 ad
449 1903 556 1969 locum
578 1906 756 1972 sanandum
782 1907 892 1973 inanes
913 1907 1084 1989 miramur,
1110 1928 1184 1972 cum
1205 1912 1304 1991 rocta,
1333 1908 1396 1971 nisi

215 2013 319 2096 fallor,
343 2016 554 2100 iampridem
577 2019 757 2085 emendatio
772 2041 793 2085 a
807 2020 933 2086 Bembo
956 2019 1084 2104 prolata
1106 2019 1157 2084 sit.
1194 2014 1291 2100 Quod
1311 2019 1395 2100 enim

215 2129 400 2193 incccissum
429 2128 613 2196 litterarum
644 2131 759 2197 ductus
786 2137 913 2198 secutus
945 2134 1123 2198 inexcessus
1151 2130 1393 2214 commendavit,

214 2239 377 2321 ingeniose
418 2241 553 2306 coniecit
587 2247 765 2327 poetaeque
807 2243 971 2329 propriam
1006 2243 1178 2309 dictionem
1216 2242 1395 2308 restituisse

214 2349 349 2416 videtur.
390 2351 469 2435 Nec,
493 2374 689 2437 quamquam
709 2354 797 2421 haud
819 2357 932 2439 ignoro
952 2355 1086 2421 eandem
1104 2375 1213 2421 vocem
1235 2375 1394 2438 nusquam

217 2467 359 2547 exstare,
389 2469 496 2530 tamen
519 2487 589 2531 eam
613 2471 646 2532 et
665 2466 794 2550 linguae
824 2467 942 2533 rationi
969 2472 1002 2532 et
1030 2465 1135 2531 tenori
1163 2468 1393 2531 sententiarum

215 2595 346 2658 prorsus
376 2578 616 2643 convenientem
648 2578 753 2643 dicere
787 2577 910 2644 dubito.
957 2575 1044 2643 Nam
1076 2598 1139 2643 non
1170 2577 1273 2644 solum
1306 2582 1394 2643 recte

215 2685 415 2753 conformata
437 2712 476 2756 ac
497 2689 684 2776 composita,
705 2710 816 2754 verum
838 2688 934 2755 etiam
957 2687 1000 2753 ad
1019 2688 1135 2755 fortem
1150 2689 1264 2754 ducem
1284 2688 1393 2774 depin-

214 2799 353 2880 gendum
375 2800 464 2867 haud
486 2802 595 2886 inepta
617 2807 682 2866 est:
712 2800 898 2866 inexcussus
918 2799 1023 2883 estis,
1047 2800 1103 2884 qui
1126 2801 1232 2867 excuti
1251 2823 1314 2867 non
1337 2824 1391 2887 po

213 2915 279 2976 test
300 2916 355 2992 (=
370 2909 524 3000 ἀκίνητος)
547 2913 715 2996 multaque
738 2911 884 2996 exempla
906 2917 991 2995 sunt,
1019 2913 1135 2995 quibus
1165 2913 1298 2998 perfecti
1319 2935 1391 2998 pas-

213 3023 272 3087 sivi
309 3024 494 3108 participia,
534 3026 561 3090 si
596 3047 668 3091 oum
706 3024 854 3109 negativa
890 3023 995 3089 forma
1027 3026 1061 3088 iu
1097 3025 1273 3111 composita
1304 3031 1390 3109 sunt,

214 3135 347 3200 candem
369 3136 433 3200 vim
455 3141 555 3220 atque
575 3137 743 3219 adiectiva,
771 3157 856 3220 quae
877 3136 911 3201 in
932 3138 984 3201 ilis
1007 3143 1133 3218 exeunt,
1153 3137 1287 3203 induere
1308 3159 1392 3202 oom-

213 3245 380 3328 probatur.
424 3246 590 3314 Nonnulla
612 3271 650 3315 ex
664 3247 796 3315 Horatii
813 3249 1008 3315 carminibus
1023 3250 1160 3333 repetitu
1175 3247 1391 3332 Kiesslingius

213 3358 437 3446 ado.124s9
466 3360 500 3423 in
524 3361 662 3427 editione
687 3363 846 3445 congessit
872 3359 961 3426 velut
990 3362 1199 3442 „immensus,
1230 3359 1389 3445 inruptus,

212 3469 398 3552 indomitus,
427 3471 558 3555 inrisus,
588 3474 809 3554 intaminatus,
839 3472 971 3554 inultus,
1000 3472 1207 3556 inretortus“,
1236 3470 1321 3537 addo
1352 3493 1390 3537 ex

213 3581 306 3664 copia
327 3603 447 3666 eorum,
470 3584 588 3666 quibus
611 3583 721 3650 Latini
738 3585 788 3649 usi
803 3564 896 3666 sunt,
910 3584 1005 3650 haec:
1028 3583 1214 3666 illaudatus,
1237 3583 1389 3650 immotus

213 3691 333 3778 (mens,
357 3692 474 3783 fatum)
500 3697 710 3780 implacatus,
740 3697 922 3760 inaccessus
952 3694 1058 3783 (lucus
1088 3734 1129 3745 -
1157 3701 1190 3760 et
1211 3695 1386 3761 translate:

212 3803 389 3888 Pindarus,
420 3827 517 3889 quem
536 3807 672 3873 Flaccus
694 3807 866 3873 imitationi
891 3808 1090 3875 inaccessum
1118 3807 1256 3873 fatetur:
1285 3807 1387 3875 Maur.

211 3919 273 3982 sat.
296 3915 329 3984 V
352 3916 438 4002 17s7)
460 3918 575 3984 incitus
606 3918 661 4005 (de
683 3920 769 3985 calce
792 3925 1003 4005 usurpatum,
1035 3918 1076 3984 cf.
1099 3919 1141 3984 ad
1169 3918 1284 3984 incitas
1306 3920 1387 3984 redi-

211 4032 311 4112 gere),
340 4028 545 4096 inconoussus
568 4031 732 4118 (iniuria),
763 4052 847 4114 quae
877 4053 939 4097 vox
968 4032 1010 4098 ad
1037 4033 1215 4096 inccccssus
1243 4031 1387 4117 proxime

210 4139 344 4221 accedit,
366 4139 501 4208 infectus
524 4143 581 4230 (=
604 4143 647 4225 id,
675 4143 762 4226 quod
785 4143 855 4209 fieri
877 4165 940 4209 non
962 4143 1095 4231 potest),
1117 4144 1268 4226 intactus,
1290 4146 1387 4220 inter-

210 4251 361 4334 minatus,
382 4253 557 4336 interritus,
579 4254 724 4337 invictus,
747 4254 928 4322 inviolatus.
963 4295 999 4303 -
1031 4255 1129 4322 Hunc
1158 4277 1253 4321 usum
1275 4257 1386 4343 paucis

209 4365 365 4430 tractanti
387 4365 465 4430 mihi
491 4367 524 4431 in
554 4371 693 4432 mentem
714 4368 802 4433 uenit
828 4369 890 4434 loci
909 4368 1073 4436 Iuvenalis
1099 4368 1289 4453 satirarum,
1318 4371 1384 4454 qui,
