3294 5086
753 403 968 464 „20-

270 567 427 645 terdeni.
451 618 458 635 .
481 617 489 636 .
513 573 541 636 .“
586 568 770 653 arrigitur
794 574 902 637 turma
933 571 1020 637 idem
1041 576 1140 654 atque
1162 592 1277 656 agmen
1304 571 1450 653 equitum

270 681 474 764 maximeque
502 681 587 746 hunc
611 680 644 746 in
673 681 806 747 modum
835 682 957 748 usitata
978 685 1118 750 occurrit
1135 684 1237 749 veluti
1257 683 1344 768 apud
1362 682 1450 751 (lice

270 813 382 860 ronem
403 795 437 858 in
459 799 542 860 orat.
563 814 622 876 pro
639 792 740 859 Marc.
760 793 835 858 117
859 794 957 876 „nihil
975 795 1036 862 sibi
1055 817 1095 861 ex
1109 798 1172 862 ista
1183 797 1280 862 laude
1295 798 1449 878 centurie,

270 906 352 972 nihil
366 906 557 990 praefectus,
579 905 660 970 nihil
674 905 799 989 cohors,
816 906 897 971 nihil
914 913 1021 972 turma
1035 908 1206 992 decerpit.“
1253 906 1317 973 Sed
1330 908 1451 992 paulla-

270 1019 331 1084 tim
359 1016 488 1084 deflexit
516 1017 596 1082 haec
625 1019 714 1082 notio
743 1020 799 1101 ita,
829 1025 867 1084 ut
897 1018 1034 1102 primum
1065 1020 1228 1102 equitatus
1250 1019 1452 1085 omitteretur

272 1135 311 1196 ut
334 1130 422 1215 apud
444 1127 529 1196 Hor.
552 1128 612 1194 HI
633 1131 718 1213 q44.

648 1260 764 1324 scimus
786 1265 823 1325 ut
844 1259 957 1343 impios

401 1369 536 1436 Titanas
558 1369 793 1454 immanemque
814 1376 956 1436 turmam

397 1479 536 1556 fulmine
560 1483 727 1548 sustulerit
746 1483 880 1548 caduco.

273 1591 358 1658 Hor.
381 1614 480 1658 carm.
503 1615 586 1660 saec.
609 1599 650 1660 37

403 1721 510 1787 Roma
533 1722 561 1787 si
582 1726 724 1786 vestrum
744 1728 793 1787 est
814 1743 894 1806 opus
915 1721 1063 1805 Iliaeque

404 1831 483 1898 litus
507 1831 684 1898 Etruscum
704 1837 836 1898 tenuere
858 1839 995 1915 turmae,

275 1967 347 2027 tum
368 1963 401 2027 in
424 1959 603 2043 quamlibet
625 1962 864 2028 multitudinem
885 1963 1093 2046 acciperetur,
1121 1980 1317 2042 quamquam
1339 1960 1385 2024 ita
1404 1981 1455 2024 ra·

276 2072 403 2139 rissime
423 2071 487 2137 dici
509 2092 575 2137 non
597 2093 762 2156 negamus,
781 2076 900 2158 quippe
922 2075 986 2139 duo
1008 2072 1232 2138 tantummodo
1259 2071 1354 2136 huius
1376 2092 1455 2169 usus

275 2183 421 2267 exempla
442 2184 575 2266 reperiri
597 2183 809 2250 meminimus.
852 2184 992 2251 Accedit
1010 2185 1094 2250 enim
1113 2185 1155 2250 ad
1171 2188 1318 2249 nostrum
1339 2182 1455 2264 locum,

275 2297 366 2360 cuius
386 2293 549 2378 scriptura
577 2295 815 2378 antiquioribus
837 2296 1001 2362 codicibus
1023 2298 1088 2361 iam
1111 2297 1237 2380 saepius
1262 2292 1455 2380 exspectatis

277 2407 431 2488 munitur,
455 2403 550 2472 ovid.
573 2428 636 2472 am.
658 2406 698 2472 II
721 2407 815 2493 13jle

404 2539 500 2603 saepe
521 2518 582 2584 tibi
605 2519 689 2584 sedit
711 2521 806 2585 certis
828 2525 963 2603 operata
984 2519 1096 2584 diebus

409 2651 475 2713 qua
498 2633 596 2714 tingit
618 2632 730 2696 laurus
752 2629 881 2697 Gallica
903 2637 1009 2696 turma
1030 2635 1116 2694 tuas.

362 2774 455 2840 Haec
485 2775 675 2859 significatio
705 2777 766 2841 etsi
794 2797 869 2843 rara
897 2783 962 2860 est,
992 2776 1072 2843 nihil
1092 2780 1202 2841 tamen
1228 2775 1337 2857 habet,
1369 2775 1457 2858 quod

278 2886 360 2951 mira
389 2888 431 2951 sit
459 2892 517 2952 aut
539 2887 636 2969 digna
663 2888 912 2972 vituperatione,
935 2908 1040 2970 neque
1062 2887 1138 2951 viris
1161 2886 1263 2951 doctis
1285 2887 1455 2971 astipulari

278 3019 372 3082 que0,
403 2999 459 3082 qui
481 2997 566 3063 hunc
587 2999 672 3063 vocis
694 3020 787 3064 usum
809 3020 940 3083 prorsus
962 3005 1158 3082 negaverunt
1183 3004 1222 3063 ut
1233 2997 1260 3086 ¹)
1290 2998 1457 3084 Hauptius

279 3110 348 3198 etl)
370 3109 596 3193 Kiesslingius.
640 3108 715 3191 Qua
742 3111 782 3176 de
810 3120 910 3176 causa
935 3110 1057 3195 turbas,
1090 3131 1188 3193 quam
1218 3111 1387 3176 lectionem
1418 3132 1457 3175 ex

278 3221 439 3290 Vossiano
457 3221 679 3305 depromptam
694 3221 912 3288 Baehrensius
927 3224 961 3287 in
971 3221 1093 3289 Oulicis
1109 3228 1234 3287 textum
1250 3225 1380 3306 recepit,
1395 3243 1458 3287 non

278 3332 395 3416 probro
413 3355 517 3416 neque
537 3332 605 3398 ullo
622 3335 690 3398 viro
706 3334 801 3399 docto
820 3335 926 3400 adhuc
943 3334 1114 3418 probatam
1132 3355 1199 3400 esse
1219 3335 1321 3400 vide0.
1353 3333 1457 3398 Immo

278 3444 359 3510 hoec
381 3444 596 3529 discrepantia
618 3445 841 3529 interpolatori
864 3445 1068 3511 obtrudenda
1091 3465 1161 3511 esse
1188 3446 1324 3528 videtur,
1351 3465 1457 3527 quem,

281 3576 353 3620 cum
377 3554 566 3621 insolentem
587 3561 713 3622 turmae
735 3558 801 3621 vim
828 3556 1007 3639 ignoraret,
1031 3556 1187 3622 usitatam
1209 3577 1318 3622 vocem
1342 3556 1458 3621 turbae

280 3667 500 3750 anteposuisse
525 3666 618 3732 facile
644 3667 855 3750 concedimus,
878 3668 1050 3734 dummodo
1078 3689 1119 3732 ne
1141 3668 1304 3734 novissimi
1326 3666 1458 3734 editoris

280 3781 457 3844 sententiae
479 3777 519 3843 dc
541 3778 701 3847 Vossiono
724 3779 818 3844 nimis
839 3779 1072 3862 inhaereamus,
1100 3779 1157 3845 sed
1177 3786 1312 3845 naturae
1331 3798 1461 3863 quoque

351 3949 373 4017 ¹)
392 3965 486 4016 opusc.
504 3947 582 4018 Hp.
602 3951 653 4003 164
672 3953 730 4018 „est
747 3954 855 4004 turmae
873 3950 1041 4005 vocabulum
1062 3969 1172 4020 semper
1195 3950 1316 4004 militare
1334 3949 1374 4004 ibi
1393 3966 1460 4018 quo·

282 4051 344 4104 que,
361 4034 411 4089 ubi
424 4035 565 4104 equitatus
583 4034 752 4106 significatio
772 4036 939 4092 omittitur“.
1453 4095 1456 4102 ,

350 4120 422 4191 ¹)in
440 4121 564 4176 editione
587 4120 658 4177 Hor.
676 4140 703 4190 p.
722 4123 773 4176 205
798 4123 834 4192 (a.
860 4123 939 4192 1884)
964 4126 1075 4191 „turma
1099 4122 1286 4193 hepeidrnet...
1311 4121 1369 4188 auth
1388 4133 1461 4177 menn

282 4211 319 4275 et,
336 4207 382 4263 tole
398 4206 470 4261 Hor.
487 4207 533 4262 mit
551 4206 668 4265 llotliebe
692 4208 756 4276 thot,
779 4237 813 4248 -
837 4207 874 4262 bei
892 4206 978 4278 Verg.
1002 4223 1052 4264 our
1078 4224 1138 4263 aen.
1156 4206 1246 4261 X310
1268 4237 1301 4246 -
1324 4209 1385 4274 nicht
1412 4218 1462 4262 ooo

282 4291 530 4363 ttriterqelrbroobern
549 4294 628 4364 quiret
645 4295 680 4362 tlt,
699 4294 753 4359 bod)
772 4294 830 4362 [tete
849 4295 874 4349 in
892 4295 1069 4362 milittritduro
1087 4294 1172 4352 &inne
1194 4294 1231 4349 bie
1249 4292 1462 4363 biupeluhteilooq

282 4375 448 4447 tltmpfeaber
465 4377 523 4433 oter
537 4377 641 4434 tabellio
659 4379 695 4434 bie
713 4379 863 4448 &clamitet
882 4379 949 4435 eines
968 4379 1088 4448 bertrad
