3294 5086
746 309 963 370 -32-

270 505 290 549 a
302 481 465 548 codicibus
476 479 659 548 recederent
670 499 769 562 quam
783 483 820 543 ut
834 478 1035 542 coniecturas
1051 474 1279 560 probabilitate
1292 494 1450 538 commen-

270 596 372 662 daret.
421 593 474 660 Sic
492 591 635 658 Bembus

399 727 563 806 agrestum
585 721 670 787 bona
693 740 773 784 cura
793 719 885 801 sequi
907 719 949 783 sit
969 737 1049 782 cura
1070 716 1206 780 tenentis

496 832 651 899 Heinsius

705 990 786 1007 ....
811 941 852 1008 ad
875 962 974 1024 quam
995 940 1102 1005 votiva
1123 939 1260 1004 recurrit

398 1063 560 1141 agrestum
580 1055 666 1120 bona
687 1053 794 1136 turba,
818 1054 908 1136 sequi
930 1053 972 1116 sit
993 1073 1071 1116 cura
1092 1055 1259 1116 canentem

485 1165 692 1233 'Ribbeckius

507 1278 623 1345 ...ad
644 1298 742 1360 quam
762 1275 849 1341 bona
869 1275 967 1340 turba
989 1275 1126 1340 recurrit

399 1397 562 1475 agrestum
585 1409 698 1455 secura
719 1387 781 1453 sibi
803 1407 862 1451 sua
884 1407 963 1452 rura
979 1392 1124 1452 tenentes

495 1501 672 1586 Hauptius.

665 1661 698 1679 ..
719 1660 726 1675 .
744 1610 785 1675 ad
808 1631 906 1693 quam
925 1611 1033 1675 votiva
1054 1610 1190 1674 recurrit

401 1729 563 1808 agrestum
585 1723 670 1788 bona
691 1744 767 1806 gens
790 1717 900 1786 secure
922 1742 1000 1785 rura
1021 1726 1187 1786 tenentum

496 1835 713 1901 Baehrensius

471 1947 588 2012 ...ad
610 1969 708 2029 quam
730 1944 816 2010 bona
838 1944 935 2010 turba
957 1945 1095 2009 recurrit

401 2063 564 2140 agrestum
585 2059 650 2122 voti
673 2079 794 2140 secura,
817 2064 908 2122 tuere
924 2061 1094 2122 tenentem.

358 2226 399 2291 Iu
421 2227 483 2292 hac
505 2229 652 2312 congerie
672 2228 884 2294 remediorum
912 2233 950 2292 ut
972 2248 1095 2310 semper
1125 2229 1170 2292 sic
1191 2225 1343 2290 hocloco
1372 2225 1453 2306 opti-

271 2359 360 2405 mum
383 2339 445 2404 erit
475 2361 495 2404 a
523 2341 681 2406 sententia
709 2339 877 2423 proficisci.
921 2338 1025 2403 Poeta
1045 2337 1178 2403 Phoebo
1208 2344 1240 2403 ot
1267 2336 1451 2403 Naiadibus

271 2451 391 2516 vocatis
420 2450 571 2534 implorat
597 2451 753 2516 auxilium
782 2451 889 2532 Palis,
920 2449 999 2514 deae
1031 2451 1221 2533 agrestium,
1254 2451 1305 2515 cui
1336 2449 1452 2514 descri-

271 2562 395 2628 bendae
414 2563 591 2646 depravata
612 2563 669 2627 illa
690 2563 789 2628 verba
810 2562 996 2627 inserviunt.
1033 2561 1156 2644 Incipio
1177 2561 1283 2627 abhis
1300 2561 1452 2646 adquam

270 2681 400 2738 reaturo
420 2675 553 2738 recurrit
580 2681 735 2760 aprustam
756 2675 836 2738 borco
857 2694 963 2738 securo
987 2671 1056 2755 ΒΟ,
1075 2673 1184 2756 fetura
1205 2674 1254 2743 V:
1279 2693 1386 2738 securo
1408 2672 1451 2736 ad

272 2805 401 2850 sensum
424 2784 502 2848 nihil
525 2786 664 2868 expedit,
690 2787 799 2870 fetura
818 2807 893 2851 vero
916 2784 996 2850 bene
1019 2805 1053 2848 se
1075 2785 1271 2868 accomodat,
1299 2792 1335 2850 ut
1360 2785 1452 2850 mire-

272 2918 345 2962 mur
364 2897 448 2962 hanc
469 2917 578 2961 vocem
600 2917 708 2962 omnes
731 2904 762 2962 et
784 2919 853 2980 eos,
881 2898 937 2979 qui
956 2896 1155 2965 Vossianum
1175 2896 1393 2981 neglexerunt,
1417 2901 1451 2960 et

272 3029 342 3092 eos,
378 3009 435 3090 qui
467 3009 575 3092 magni
609 3010 873 3090 aestimaverunt,
907 3029 971 3073 non
1003 3010 1197 3092 respexisse,
1235 3029 1311 3072 nam
1342 3008 1452 3091 fetura

274 3126 429 3205 oprestum
456 3119 497 3184 ad
527 3119 641 3186 Palem
667 3141 831 3186 recurrere
858 3125 945 3184 recte
972 3119 1089 3184 dicitur
1119 3119 1174 3207 (ef.
1200 3119 1260 3186 Or.
1284 3119 1375 3184 Fast.
1398 3117 1452 3187 IV

277 3229 472 3317 747-774),
495 3252 561 3314 qua
583 3231 623 3296 de
645 3244 751 3315 causa,
773 3233 800 3296 si
822 3231 1017 3314 quaerimus,
1040 3233 1208 3314 sequentia
1230 3229 1328 3296 verba
1348 3236 1450 3295 osten-

274 3343 356 3407 dunt
376 3346 416 3407 sit
445 3363 522 3407 carc
549 3350 679 3410 terentes
701 3343 761 3426 vel,
791 3348 829 3408 ut
851 3342 1124 3426 Cantabrigiensis
1146 3342 1290 3424 exhibet,
1314 3344 1451 3424 maeatis,

274 3475 358 3536 quae
387 3459 425 3518 ut
452 3455 494 3518 ad
518 3456 740 3522 antecedentia
763 3460 987 3537 annectantur,
1018 3453 1108 3518 nulla
1130 3454 1351 3518 coniunctione
1371 3473 1453 3534 opus

277 3571 333 3648 cst,
356 3571 394 3631 ut
412 3566 605 3648 accipiamus
626 3567 709 3632 hanc
729 3568 921 3650 scripturam

656 3697 698 3760 ad
720 3717 819 3779 quam
840 3703 975 3762 ventura
995 3695 1141 3776 recurrit,

403 3811 566 3890 agrestum
586 3806 679 3888 bona,
703 3807 818 3890 fetura,
840 3808 882 3873 sit
905 3828 984 3872 cura
1005 3807 1142 3871 tenentis

404 3919 507 3983 aerios
527 3938 693 3982 nemorum
713 3918 814 3984 saltus
838 3920 999 4001 silvasque
1020 3918 1151 3983 virentis

273 4047 371 4111 sadus
406 4046 578 4111 deteriores
612 4045 702 4128 libri,
743 4049 844 4112 cultas
874 4047 972 4112 ceteri
1011 4067 1131 4111 omnea
1187 4043 1283 4126 Quod
1313 4043 1355 4108 ad
1384 4061 1454 4105 ver-

275 4156 354 4222 bum
383 4164 511 4222 oraturo
541 4158 694 4241 pertinet,
728 4159 807 4222 nihil
841 4164 890 4224 est
919 4158 1006 4240 quod
1040 4158 1206 4241 culpetur,
1243 4161 1373 4220 uentura
1403 4158 1454 4218 est

275 4268 403 4335 lutura:
441 4276 537 4335 notus
567 4274 617 4334 cst
653 4269 706 4334 hic
741 4290 839 4352 usus,
876 4269 918 4334 ad
953 4290 1049 4352 quem
1081 4268 1275 4334 firmandum
1310 4266 1454 4350 suppetit
