3294 5086
706 359 921 421 ...11-

226 525 386 608 Handius,
412 526 543 610 provida
564 525 686 610 Phyllis
716 526 860 610 Silligius
890 534 1090 592 censuerunt.
1134 525 1250 611 Neque
1276 529 1317 594 ab
1345 529 1406 594 hac

227 639 375 722 opinione
390 636 556 721 Hauptius
576 639 716 720 recessit,
738 639 794 721 qui
808 637 937 722 illorum
957 639 1091 722 vestigia
1106 660 1252 722 premens
1273 641 1406 723 scriptu·

226 771 279 814 ras
302 756 334 814 et
357 749 474 832 Silligii
492 749 625 834 procido
648 747 769 833 Phyllis
798 755 830 814 et
851 750 963 816 Bothii
987 752 1067 816 rnole
1087 771 1148 835 pro
1168 751 1254 816 mala
1275 751 1405 835 recepit,

228 867 265 925 ut
286 861 369 926 hano
392 882 501 926 versus
523 860 808 927 conformationem
832 861 972 927 efficeret

593 973 644 1038 cui
667 971 860 1057 Demophon
883 979 1015 1039 aeterna
1039 973 1170 1056 reliquit

354 1084 488 1167 perfidia
510 1085 651 1150 lamenta
673 1083 749 1168 doli,
771 1086 856 1151 male
874 1085 1009 1168 provida
1031 1083 1166 1167 Phyllis.

313 1196 452 1261 Prorsus
475 1197 568 1262 ahter
590 1197 630 1262 de
652 1197 712 1261 hoc
734 1197 804 1261 loco
820 1196 1036 1262 Baehrensius
1057 1195 1210 1261 iudicavit
1226 1216 1283 1261 neo
1298 1201 1406 1260 tamon

226 1308 260 1372 in
282 1307 446 1373 codicibus
468 1308 623 1390 substitit,
645 1308 741 1372 immo
765 1308 862 1374 verba
884 1309 931 1372 ita
954 1306 1090 1373 mutavit

584 1420 645 1492 ,oui
667 1419 880 1504 Demophoon
902 1424 1032 1485 aeterna
1054 1417 1186 1501 reliquit

355 1529 522 1614 perfidiam
550 1531 741 1597 lamentanti
769 1531 854 1596 mala
888 1525 1020 1615 (perfide
1050 1529 1187 1595 multum

355 1642 477 1726 perfide
498 1640 711 1727 Demophoon
730 1644 741 1707 i
761 1665 844 1708 nuno
864 1642 1063 1726 defendeque
1085 1640 1187 1726 velal)

313 1751 367 1819 Sic
388 1752 454 1818 fere
482 1756 542 1820 viri
571 1756 659 1820 docti
688 1754 746 1820 hos
768 1777 877 1820 versus
900 1759 1146 1839 temptaverunt.
1191 1751 1240 1816 At
1263 1748 1319 1833 qui
1342 1768 1405 1812 non

226 1865 325 1930 verba
350 1871 487 1948 tantum,
518 1867 573 1932 sed
596 1873 746 1932 naturam
768 1888 896 1951 quoque
917 1866 1075 1933 librorum
1105 1870 1137 1930 et
1162 1868 1276 1947 poetae
1306 1880 1405 1944 genus

227 1976 354 2042 dicendi
375 1979 560 2062 inspexerit,
590 1980 762 2062 dubitabit,
791 2001 887 2064 quam
916 1984 1002 2045 recte
1031 1977 1129 2043 verba
1151 1973 1345 2040 mutaverint
1373 1977 1406 2035 et

227 2089 360 2155 alterius
385 2112 495 2155 versus
525 2113 565 2156 ne
595 2114 694 2156 unum
724 2092 854 2174 quidem
883 2093 1044 2174 integrum
1072 2086 1271 2172 reliquerint.
1318 2083 1406 2150 Nam

227 2201 277 2266 vel
299 2202 403 2286 primo
428 2203 545 2268 obtutu
566 2210 701 2288 apparet
722 2205 806 2270 hanc
829 2203 1018 2269 emendandi
1038 2203 1196 2266 rationem
1225 2197 1305 2262 nihil
1327 2195 1406 2261 certi

226 2313 259 2377 in
276 2334 309 2378 se
324 2314 443 2380 habere
464 2337 522 2380 nec
543 2337 600 2400 per
623 2336 656 2380 se
676 2316 847 2381 admodum
869 2315 1037 2400 probabile
1060 2335 1138 2395 esse,
1160 2312 1258 2375 immo
1280 2309 1322 2374 ad
1340 2329 1405 2373 oar-

156 2499 161 2506 ,
227 2446 300 2490 men
322 2425 563 2509 depravandum
580 2433 726 2511 spectare
747 2433 779 2492 et
800 2433 915 2511 poetae
930 2425 1083 2510 peculiari
1104 2423 1240 2489 sermoni
1254 2419 1405 2486 tenebras

227 2535 401 2602 offundere.
447 2536 520 2620 Qua
543 2539 583 2603 de
604 2541 726 2604 incerta
748 2538 800 2604 via
822 2544 860 2602 ut
880 2537 1072 2603 decedamus
1096 2536 1406 2616 fimdamentumque

227 2649 342 2714 stabile
363 2650 592 2734 disputationis
614 2651 786 2732 iaciamus,
816 2672 836 2714 a
866 2649 1030 2714 codicibus
1059 2647 1135 2714 solis
1164 2644 1406 2731 progrediamur

227 2768 360 2846 oportet.
405 2760 518 2829 Verba

355 2875 515 2958 posterius
538 2875 590 2940 cui
612 2872 827 2958 Demophoon
850 2879 983 2939 aeterna
1003 2871 1135 2955 reliquit

356 2986 524 3071 perfidiam
547 2986 746 3052 lamentandi
765 2986 851 3052 mala
864 3035 872 3050 .
885 3036 892 3051 .
907 3036 914 3051 .

227 3098 357 3182 plenum
383 3099 587 3164 enuntiatum
613 3096 770 3163 efficiunt:
804 3100 985 3163 continetur
1014 3095 1203 3180 primarium
1233 3093 1411 3159 membrum

227 3209 323 3274 verbo
345 3213 496 3294 posterius
519 3216 551 3276 et
569 3231 606 3276 ea
627 3231 713 3291 voce,
737 3231 819 3293 quae
840 3207 1020 3275 necessario
1044 3228 1083 3272 ex
1260 3189 1275 3202 ”

356 3323 518 3406 posterius
538 3323 589 3388 cui
610 3320 892 3405 Demophoon...
915 3320 1046 3404 reliquit

228 3433 411 3517 suppletur,
446 3433 467 3498 i.
498 3456 525 3498 e.
555 3441 614 3516 est,
645 3441 682 3498 ut
712 3433 907 3517 accipiamus
936 3432 1086 3516 posterius
1116 3436 1157 3494 est
1183 3449 1220 3493 aa
1249 3449 1288 3494 sc.
1315 3431 1410 3514 olrpo,

227 3547 298 3609 col.
315 3594 359 3626 ..,
392 3566 475 3629 quae
498 3551 659 3610 structura
684 3544 870 3610 addubitari
891 3565 956 3608 non
989 3547 1112 3625 potest,
1142 3563 1218 3606 nam
1248 3540 1411 3624 subsequi-

227 3662 282 3721 tur
316 3657 519 3722 enuntiatum
549 3658 720 3723 relativum
756 3659 807 3721 cal
842 3654 876 3718 D
889 3702 896 3718 .
910 3701 939 3718 ..
975 3654 1116 3738 reliquit,
1155 3658 1193 3717 ut
1222 3652 1312 3717 nulla
1345 3673 1410 3716 am-

227 3768 367 3852 biguitas
397 3768 472 3833 huic
502 3768 746 3834 conformationi
778 3788 889 3834 revera
922 3765 1035 3831 subsit.
1089 3762 1337 3831 Concedendum
1364 3769 1412 3828 est

228 3901 301 3945 vero
329 3901 393 3944 non
422 3887 589 3945 venustam
618 3902 685 3946 esse
714 3880 814 3945 talem
843 3878 1033 3961 dictionem,
1063 3877 1136 3960 sed,
1166 3883 1329 3958 utcunque
1351 3881 1410 3958 est,

228 4013 308 4074 eam,
334 4012 418 4075 quae
445 4014 508 4058 non
535 3991 629 4056 modo
658 3992 823 4075 toleretur,
854 4013 964 4056 venun
996 3991 1093 4055 etiam
1116 3988 1184 4054 sola
1210 3987 1301 4053 libris
1328 4009 1411 4053 com-

227 4104 380 4170 mendata
416 4102 623 4169 fundamento
667 4104 760 4188 quasi
796 4125 835 4169 ac
874 4104 942 4169 solo
988 4105 1119 4168 nitatur.
1180 4099 1310 4164 Etenim
1347 4098 1409 4163 nisi

226 4215 323 4281 fallor
354 4217 471 4281 rectius
503 4215 616 4280 rudem
643 4220 676 4280 et
704 4215 903 4282 inconditum
932 4235 1108 4280 sermonem
1138 4212 1308 4297 praecipue
1335 4212 1410 4278 huic
1449 4265 1450 4269 ,

226 4333 341 4411 poetae
371 4326 572 4393 obtrudimus
603 4347 701 4414 quam
722 4334 875 4412 vagantes
902 4326 1028 4410 longius
1055 4347 1153 4410 quam
1183 4325 1258 4390 licet
1279 4348 1299 4391 a
1320 4324 1411 4390 libris
