3294 5086
743 373 958 434 ..26-

264 548 380 628 poetae
407 543 574 609 convenire
596 563 694 626 qnam
716 544 802 628 iquos
828 539 981 627 Pbrypios
1003 549 1089 606 torno
1106 541 1232 624 feritate
1255 562 1298 607 sc.
1328 538 1442 604 Aiacis

265 655 423 740 repulsos?
449 655 533 721 Mihi
555 654 696 738 quidem,
719 659 794 720 utra
816 652 955 738 genuina
978 654 1019 717 sit
1044 652 1212 735 scriptura,
1240 656 1329 717 totus
1352 650 1441 717 locus

264 772 332 832 tam
346 772 457 851 aperte
473 766 640 832 ostendere
656 765 793 848 videtur,
814 771 927 831 utnon
944 764 1054 830 multis
1072 785 1151 848 opus
1165 784 1234 829 esse
1254 763 1441 844 existimem,

264 901 303 945 ac
324 901 364 944 ne
383 879 425 945 ab
439 879 505 944 ullo
521 878 651 961 quidem
666 877 772 943 adhuc
788 882 966 963 temptatus
981 883 1039 958 est,
1065 877 1126 942 nisi
1147 877 1229 941 sorte
1245 875 1285 941 de
1300 874 1406 940 Ellisii
1417 875 1442 954 ¹)
1473 953 1476 962 ,

265 993 448 1057 coniectura
471 993 659 1075 cogitamus,
683 991 739 1072 qui
760 991 841 1055 mire
863 993 908 1055 sic
931 989 1027 1054 verba
1048 989 1201 1054 mutarit:

393 1104 513 1169 assidet
535 1103 610 1168 hnic
630 1103 752 1167 iuvenis
775 1103 876 1167 sociat
898 1122 994 1184 quem
1012 1102 1115 1185 gloria
1138 1100 1217 1167 sorti

394 1237 467 1280 acer
487 1215 694 1296 inaccessum,
715 1212 857 1279 referens
879 1236 899 1279 a
921 1213 1057 1279 navibus
1076 1213 1159 1296 ignis

394 1324 556 1411 Argolicis
573 1327 732 1410 Phrygios
752 1326 849 1391 turba
869 1325 1052 1409 trepidante
1074 1324 1218 1408 repulsos

265 1437 357 1503 Nihil
390 1438 430 1503 de
458 1438 647 1503 necessitate
666 1436 894 1503 emendationis
922 1436 1017 1518 addo,
1054 1436 1088 1501 id
1112 1435 1207 1500 modo
1232 1454 1443 1500 commemoro

265 1572 339 1617 eum
356 1550 460 1616 verbis
477 1549 591 1614 Iliadis
609 1549 776 1615 seductum
793 1570 870 1631 esse,
887 1569 969 1630 quae
990 1553 1064 1612 sunt
1084 1547 1117 1612 in
1131 1545 1214 1612 libro
1229 1544 1321 1613 XVI
1335 1568 1364 1611 v.
1381 1548 1445 1609 294

425 1657 563 1747 ἡμιδαὴς
582 1658 675 1744 δ’ἄρα
696 1667 768 1747 νῆος
787 1662 888 1726 λίπετ’
914 1655 1039 1726 αὐτόθι·
1061 1658 1109 1724 τοὶ
1130 1655 1318 1742 δ’ἒφόβοθεν

431 1779 535 1856 Τρῶες
555 1776 714 1858 θεσπεσίῳ
735 1768 846 1858 ὁμάδῳ

357 1890 390 1950 et
414 1882 557 1948 eiusdem
578 1881 654 1948 libri
673 1906 701 1949 v.
723 1889 783 1949 307

431 1991 476 2072 οἷς
497 2000 561 2058 τῶν
583 1993 616 2059 ix
636 2001 718 2082 νηῶν
739 1999 844 2080 γένετο
867 1993 941 2080 ἰαχή
962 2016 996 2058 τε
1019 1991 1121 2079 φόβος
1143 2017 1176 2058 τε

432 2102 504 2171 οὐδὲ
526 2105 604 2170 κατά
626 2117 742 2191 μοῖραν
765 2111 882 2190 πέραον
905 2103 1003 2170 πάλιν
1019 2154 1049 2169 ..
1074 2154 1080 2168 .

353 2217 450 2282 Nunc
479 2223 517 2282 ut
546 2218 643 2283 huius
672 2216 735 2282 loci
766 2217 928 2284 tractandi
949 2216 1045 2282 finem
1070 2215 1204 2298 faciam,
1233 2235 1335 2298 eaque
1362 2234 1447 2296 quae

268 2328 346 2410 dixi,
377 2330 658 2413 comprehendam,
689 2331 734 2394 sic
762 2335 799 2394 ut
823 2328 990 2412 Hauptius
1017 2333 1049 2394 et
1074 2323 1273 2394 Ribbeckius
1303 2324 1448 2391 fecerunt

267 2461 379 2506 versus
397 2441 492 2507 scribi
511 2441 621 2507 iubeo:

397 2553 518 2618 assidet
538 2553 600 2618 hac
621 2553 754 2635 iuvenis,
776 2553 918 2618 sociatae
940 2551 1042 2636 gloria
1065 2551 1169 2632 sortis,

398 2685 481 2746 acer,
505 2665 702 2746 inexcessus,
723 2665 862 2731 referens
885 2663 1058 2731 anavibus
1080 2662 1162 2746 ignis
1188 2657 1190 2663 ’

399 2774 561 2859 Argolicis
584 2776 743 2859 Phrygios
765 2783 856 2842 torva
878 2777 1005 2842 feritate
1026 2773 1177 2858 repulsos.

355 2886 452 2952 Hanc
469 2892 577 2952 autem
599 2888 698 2951 trium
724 2909 874 2953 versuum
903 2885 1187 2952 conformationem
1217 2883 1245 2948 si
1271 2882 1343 2965 quis
1374 2903 1447 2947 cum

270 2997 415 3064 codicum
438 2998 661 3083 discrepantiis
684 2997 863 3080 contulerit,
885 2998 938 3063 vix
961 2996 1133 3077 dubitabit,
1160 3017 1237 3060 num
1266 3015 1376 3060 verum
1405 2993 1448 3057 sit

269 3108 313 3190 id,
344 3109 431 3190 quod
457 3131 554 3194 supra
585 3113 712 3196 saepius
741 3110 781 3175 de
806 3110 990 3176 condicione
1020 3129 1058 3173 ac
1080 3112 1197 3172 natura
1217 3106 1374 3171 librorum
1395 3125 1448 3170 ex-

271 3223 372 3304 posui.
416 3221 504 3288 Nam
534 3224 711 3307 scripturae
732 3220 883 3286 Bembini
909 3225 941 3286 et
963 3218 1238 3301 Cantabrigiensis
1265 3239 1374 3282 omnes
1402 3237 1448 3280 so-

270 3334 331 3396 ciat
353 3333 390 3397 de
412 3335 515 3419 cloria
534 3338 633 3420 sortis,
663 3336 856 3413 teoctistum,
879 3333 1015 3415 repulsos
1037 3328 1087 3394 vel
1109 3329 1251 3413 proxime
1274 3329 1315 3394 ad
1337 3349 1448 3393 verum

270 3445 426 3511 accedunt
452 3445 502 3511 vel
530 3453 652 3512 rectum
680 3446 785 3530 ipsum
812 3450 936 3510 textum
957 3441 1128 3526 praebent,
1156 3439 1307 3510 Vossiani
1336 3444 1449 3505 contra

270 3556 368 3622 verba
401 3557 604 3639 aliquantum
637 3580 657 3622 a
686 3555 849 3621 verisimili
871 3555 975 3620 forma
996 3552 1130 3634 absunt,
1161 3553 1217 3617 sed
1246 3552 1293 3617 ita
1320 3557 1357 3616 ut
1383 3572 1447 3615 non

270 3688 401 3752 prorsus
436 3669 628 3752 depravatas
663 3690 766 3750 voces,
801 3668 898 3731 immo
928 3687 992 3748 eas,
1027 3686 1110 3747 quae
1137 3663 1244 3728 minus
1278 3662 1448 3729 oscitantia

228 3783 230 3788 ’
272 3800 369 3862 quam
401 3779 531 3844 consilio
563 3778 688 3845 librarii
710 3778 841 3844 effectae
863 3799 932 3844 esse
953 3777 1113 3858 videntur,
1141 3775 1285 3840 afferant.
1330 3773 1449 3854 Itaque

272 3891 402 3955 minime
424 3913 444 3955 a
463 3911 537 3955 vero
561 3889 791 3972 aberrabimus,
813 3890 839 3955 si
859 3890 1030 3969 iudicium,
1062 3887 1234 3971 quodiam
1256 3890 1353 3951 antea
1375 3883 1449 3949 ieci·

272 4024 352 4084 mus,
381 4003 431 4067 vel
461 4002 503 4067 ad
537 4001 622 4066 hunc
642 4001 748 4069 locum
770 4000 1004 4067 rettulerimus:
1027 4002 1216 4065 vetustiores
1236 3998 1361 4063 codices
1384 4002 1448 4061 tra·

272 4115 354 4180 dunt
382 4113 544 4195 lectiones
573 4133 656 4194 quae
685 4119 743 4179 aut
761 4115 897 4197 pessime
917 4112 1058 4194 habitae,
1088 4112 1144 4177 sed
1161 4111 1209 4176 ita
1229 4108 1448 4175 conformatae

269 4231 355 4318 sunt,
376 4229 413 4289 ut
433 4224 510 4306 quid
526 4224 592 4288 veri
614 4223 782 4291 delitescat
804 4224 940 4308 perspici
956 4223 1066 4307 possit,
1090 4228 1148 4288 aut
1165 4221 1340 4315 sententiae
1366 4219 1447 4284 adeo

344 4363 365 4432 ι)
383 4363 401 4416 1.
419 4362 437 4416 1.
455 4380 482 4432 p.
501 4363 645 4415 aar-asa.
