3294 5086
762 379 1067 454 -28--1

281 545 346 612 alio
372 551 561 630 argumento
587 566 668 630 opus
697 553 755 630 est,
787 553 894 614 tamen
924 547 1023 616 ctiam
1050 549 1112 614 hoc
1140 546 1305 614 nobiscum
1333 552 1465 633 repute-

281 679 352 722 mus
372 663 533 742 pastorem
554 657 620 723 iam
642 664 737 726 antea
758 660 969 726 resurrexisse
987 680 1115 726 versum
1132 653 1194 723 187
1211 659 1355 725 indicare

411 819 419 834 .
443 818 451 834 .
474 819 482 834 .
505 819 513 834 .
536 791 609 835 cum
630 771 782 855 prosiluit
803 771 1007 839 furibundus.

281 880 396 964 Neque
421 881 456 947 id
482 879 609 947 silentio
631 884 848 966 praetermitti
868 883 974 965 debet,
1002 902 1100 965 quarn
1129 882 1283 966 languida
1309 888 1342 948 et
1363 888 1467 966 poeta

280 991 423 1075 indigna,
448 991 474 1056 si
503 998 609 1058 totum
633 1000 775 1061 tenorem
797 995 1060 1079 contemplamur,
1085 995 1129 1060 sit
1148 995 1309 1079 scriptura
1325 997 1465 1081 resurgit

282 1108 314 1169 et
333 1104 438 1170 verbis
459 1104 539 1188 ipsis
562 1106 761 1172 continuatis
782 1106 957 1172 refutetur:

409 1214 554 1300 impiger,
578 1219 750 1300 exanimis,
772 1219 827 1284 vix
847 1238 976 1302 compos
997 1223 1104 1284 mente
1125 1255 1154 1266 -
1190 1216 1331 1300 resurgit

281 1327 469 1411 praesertim
496 1350 567 1393 cum
595 1329 684 1395 nulla
716 1349 813 1394 causa
846 1350 925 1395 sana
944 1327 1168 1414 perspiciatur,
1202 1349 1260 1393 cur
1293 1334 1465 1395 auctorem

282 1438 467 1505 carminiea
489 1439 613 1506 fervido
634 1446 668 1506 et
690 1442 829 1506 excitato
855 1462 972 1524 genere
994 1440 1120 1506 dicendi
1139 1439 1303 1524 relapsum
1325 1461 1393 1507 esse
1414 1442 1463 1508 ad

282 1551 425 1634 ineptam
445 1554 477 1616 et
499 1552 593 1633 quasi
615 1551 831 1618 effeminatam
853 1551 1016 1635 quandam
1034 1551 1208 1617 dictionem
1222 1557 1380 1635 putemus.

367 1661 441 1727 Iam
468 1663 660 1746 priusquam
688 1663 834 1747 pluribus
864 1685 972 1732 veram
994 1661 1145 1730 Vossiani
1169 1660 1385 1728 condicionem
1411 1679 1463 1723 os-

282 1773 463 1856 tendamus,
493 1774 535 1840 ad
565 1776 734 1842 nonnullos
755 1776 842 1841 locos
863 1796 1088 1860 properemus,
1117 1773 1316 1856 quorumde
1337 1771 1462 1854 origine

282 1906 345 1950 non
361 1890 430 1950 tam
444 1891 568 1951 certum
589 1909 628 1952 ac
642 1887 810 1954 definitum
831 1888 985 1954 iudicium
1005 1886 1110 1952 facere
1125 1906 1305 1972 possumus,
1327 1883 1383 1949 sed
1402 1882 1461 1964 qui

281 2019 346 2063 non
368 1997 473 2063 minus
493 1998 580 2081 digni
602 2004 687 2082 sunt,
709 2000 765 2081 qui
784 2000 895 2084 paucis
917 2003 1107 2065 tractentur.
1151 1997 1348 2081 Incipiamus
1371 2015 1391 2059 a
1411 2015 1459 2059 vs.

281 2113 355 2191 200,
379 2129 475 2191 quem
498 2109 675 2176 Bembinus
698 2116 732 2176 et
752 2110 1030 2195 Cantabrigiensis
1053 2112 1099 2176 sic
1121 2109 1273 2175 exhibent

408 2220 469 2286 hoc
493 2222 597 2289 minus
619 2222 778 2307 implicuit
807 2222 877 2287 dira
899 2221 1069 2288 formidine
1091 2225 1230 2286 mentem

280 2353 352 2398 cum
375 2330 553 2399 Vossianus
580 2334 667 2399 solus
695 2336 830 2418 impleuit
858 2334 1022 2418 praebeat.
1075 2331 1284 2398 Subdifficilis
1306 2350 1380 2395 vero
1410 2334 1459 2394 est

280 2443 471 2527 disceptatio
503 2444 599 2511 huius
633 2467 749 2512 causac
784 2452 817 2512 ct
846 2446 949 2530 magis
984 2445 1018 2510 in
1045 2444 1158 2511 subtili
1180 2444 1298 2509 iudicio
1321 2441 1459 2508 cuiusvis

280 2577 377 2638 quam
393 2556 580 2642 cogentibus
596 2559 792 2642 argumentis
813 2560 930 2642 posita,
953 2580 1027 2623 cum
1050 2558 1202 2640 exiguum
1222 2556 1391 2622 discrimen
1412 2555 1459 2618 in-

280 2651 424 2734 tercedat
444 2668 528 2733 inter
549 2668 648 2735 verba
670 2671 791 2756 aliquid
812 2678 941 2736 meatem
955 2671 1109 2754 implicuit
1121 2673 1153 2732 et
1169 2668 1253 2732 inter
1267 2665 1389 2752 aliquid
1405 2714 1412 2730 .
1428 2715 1458 2730 ..

280 2783 425 2866 impleuit.
454 2780 502 2846 Ut
517 2782 626 2847 multis
641 2783 712 2847 aliis
733 2781 811 2847 locis
827 2782 872 2847 sic
894 2782 947 2847 hic
962 2787 1033 2847 tota
1050 2778 1198 2863 quaestio
1216 2778 1303 2844 redit
1322 2778 1364 2844 ad
1386 2799 1458 2842 con·

279 2913 397 2957 nexum
419 2913 536 2974 rerum,
567 2893 624 2974 qui
646 2893 687 2958 ad
710 2891 918 2958 difficultates
947 2891 1108 2958 tollendas
1128 2913 1252 2976 semper
1273 2889 1338 2955 fere
1359 2891 1458 2973 pluri-

281 3026 367 3068 mum
396 3003 491 3069 valet.
536 3002 724 3070 Oontinuati
746 3010 855 3070 autem
876 3023 997 3084 versus,
1025 3005 1053 3067 si
1075 3003 1152 3085 quid
1173 3003 1285 3083 sentio,
1307 3001 1341 3066 id
1363 2999 1458 3083 signi·

280 3115 393 3181 ficant:
417 3120 529 3200 pastor
542 3137 590 3198 eo,
613 3116 700 3199 quod
716 3116 850 3200 periculi
865 3114 990 3180 nescius
1008 3114 1117 3181 subito
1135 3117 1316 3198 serpentem
1332 3111 1457 3196 aspicit,

280 3227 322 3293 ab
344 3249 381 3292 eo
404 3249 438 3294 se
458 3228 638 3311 defendere,
668 3227 838 3294 formidine
861 3249 925 3292 uon
946 3225 1092 3309 affectus,
1114 3248 1177 3292 non
1197 3223 1386 3309 prohibetur
1405 3261 1458 3304 —,

282 3361 365 3422 quae
403 3343 560 3406 sententia
594 3345 627 3405 et
658 3342 869 3406 vetustiomm
902 3344 934 3404 et
963 3337 1148 3404 recentioris
1179 3336 1255 3402 libri
1292 3333 1458 3418 scripturis

281 3451 509 3535 adumbratur,
551 3472 750 3534 quamquam
790 3456 929 3533 utraque
966 3472 1030 3515 non
1069 3469 1200 3532 prorsus
1233 3447 1344 3513 eadem
1378 3443 1459 3509 indi-

281 3569 382 3629 catur.
434 3561 521 3628 Nam
557 3564 692 3647 impleuit
720 3563 906 3646 simpliciter
938 3568 986 3628 est
1012 3561 1173 3646 perfudit,
1206 3560 1322 3644 offecit,
1339 3557 1459 3642 ‘impli-

280 3677 344 3740 cuit
371 3680 479 3740 autem
510 3683 537 3740 et
559 3675 704 3759 perfudit
732 3681 760 3740 et
784 3674 943 3758 probibuit
973 3695 1016 3738 sc.
1044 3693 1074 3738 ec
1099 3672 1277 3757 defendere,
1313 3672 1360 3735 ita
1390 3667 1459 3750 qui-

282 3788 365 3871 dem,
394 3793 432 3852 ut
451 3786 532 3852 illud
554 3786 746 3853 vocabulum
767 3787 868 3869 magis
897 3785 930 3850 in
956 3785 1139 3850 universum
1160 3784 1284 3850 dictum
1306 3781 1358 3864 sit,
1387 3780 1458 3862 hoc,

281 3922 354 3966 cum
382 3899 481 3965 etiarn
502 3898 665 3963 notionem
691 3897 883 3980 prohibendi
906 3902 939 3962 et
960 3896 1169 3982 perturbandi
1198 3894 1334 3976 habeat,
1363 3892 1459 3976 plura

282 4011 550 4096 comprehendere
584 4010 743 4076 videatur·
796 4008 870 4076 Hac
910 4031 985 4074 vero
1018 4006 1265 4075 ratiocinatione
1298 4005 1459 4070 adductus

282 4125 380 4190 etiam
402 4124 463 4190 hoc
484 4123 556 4189 loco
578 4128 758 4207 temperare
779 4121 859 4186 mihi
881 4142 946 4185 non
967 4140 1106 4204 possum,
1126 4119 1205 4202 quin
1226 4116 1379 4186 Vossiani
1398 4114 1461 4179 lec·

281 4238 402 4302 tionem
422 4235 556 4302 reiciam
577 4241 610 4302 et
631 4233 852 4317 antiquiorum
872 4232 1022 4299 codicum
1042 4230 1207 4316 propriam
1228 4249 1266 4295 ac
1287 4227 1460 4313 genuinam

283 4368 351 4414 esse
373 4351 528 4415 statuam.
