3294 5086
723 371 937 430 „38-

239 542 281 608 ad
309 541 414 607 locum
437 535 653 606 Baehrensius
664 540 690 626 ¹)
720 539 800 604 haec
827 535 1010 604 annotavit:
1045 540 1100 616 „at
1129 535 1213 600 idem
1242 533 1299 619 (sc.
1322 534 1416 597 inter·

239 653 379 740 polator)
402 675 431 717 v.
449 656 511 718 332
533 643 606 716 oum
627 650 782 713 inveniret
806 647 955 730 „ranolea
973 646 1161 730 charybdis“
1188 647 1248 732 (sio
1265 644 1308 727 V,
1330 644 1416 727 quod

239 765 377 848 palmari
400 763 619 829 emendatione
642 761 674 824 in
700 759 898 842 „Zanclaea“
926 757 1053 824 refinxit
1077 755 1301 842 Schraderus)‚
1323 756 1418 820 inter-

240 874 361 960 polavit
375 873 408 939 in
427 873 619 955 „metuenda
640 872 863 956 charybdis“.“
895 869 989 953 Quae
1005 892 1082 935 num
1096 875 1182 934 recte
1197 869 1416 952 disputaverit,

240 989 310 1052 iure
331 985 511 1067 dubitabit,
541 985 597 1068 qui
620 984 761 1068 singulas
786 983 942 1048 librorum
964 981 1196 1064 discrepantias
1222 979 1418 1064 perspexerit

242 1104 275 1165 et
295 1098 490 1164 Bembinum
513 1095 877 1180 Cantabrigiensemque
899 1093 1083 1177 saepissime
1105 1093 1266 1175 mutilata,
1289 1091 1418 1160 Vossia

241 1233 319 1275 num
340 1211 492 1276 restituta
513 1209 620 1290 verba,
641 1209 712 1274 illos
728 1231 774 1291 ea,
797 1229 880 1291 qnae
896 1211 954 1271 aut
970 1210 1057 1270 recte
1072 1210 1160 1269 stant
1174 1210 1232 1269 aut
1248 1203 1418 1287 genuinam

240 1322 408 1410 lectionem
437 1327 547 1404 aperte
574 1320 745 1403 praebent,
776 1320 877 1399 huno,
909 1339 1002 1401 quae,
1026 1317 1252 1400 quamvisper
1280 1337 1312 1381 se
1333 1316 1418 1380 bona

242 1434 315 1516 sint,
335 1438 442 1498 tamen
464 1453 574 1496 revera
595 1431 762 1496 abicienda
783 1436 874 1512 sunt,
906 1429 1054 1494 exhibere
1082 1429 1249 1512 multaque
1271 1428 1335 1494 alia
1356 1449 1419 1492 me

242 1543 378 1609 minerit.
430 1543 570 1609 Tantum
601 1565 676 1608 vero
706 1543 813 1624 abest,
848 1546 885 1606 ut
913 1542 996 1607 hano
1024 1540 1251 1623 differentiam,
1281 1543 1332 1605 cui
1361 1539 1418 1604 illa

243 1678 271 1720 v.
295 1659 356 1720 312
378 1654 441 1720 Ida
462 1678 520 1739 pro
542 1655 653 1740 Daque
674 1655 810 1719 fortasse
836 1655 920 1718 iuste
949 1652 1096 1736 additur,
1125 1653 1244 1717 nullius
1267 1651 1419 1716 momenti

243 1787 310 1832 esse
330 1772 450 1850 putem,
482 1772 520 1831 ut
548 1772 659 1831 contra
685 1765 777 1830 valde
799 1765 1038 1830 memorabilem
1061 1764 1177 1829 ducam
1206 1769 1239 1828 et
1269 1763 1336 1828 eius
1359 1763 1419 1826 ori-

242 1879 348 1962 ginem
377 1900 428 1942 me
455 1900 517 1958 non
548 1878 626 1942 satis
657 1878 833 1961 intelligere
863 1877 1043 1942 concedam.
1096 1875 1159 1943 Sed
1189 1875 1222 1940 id
1254 1897 1418 1958 nunquam

243 1990 564 2075 praetermittendum
575 1994 623 2054 est
632 1989 803 2054 nonnullas
815 2010 946 2072 prorsus
958 1988 1098 2053 diversas
1108 1987 1259 2052 lectiones
1268 1986 1419 2055 Vossiani

244 2101 330 2166 omni
351 2101 492 2168 dilucida
515 2102 680 2168 varietatis
710 2122 807 2167 causa
833 2120 940 2165 carere
968 2120 1026 2164 neo
1054 2106 1163 2165 tamen
1189 2098 1230 2163 ad
1257 2098 1419 2163 meliorem

243 2213 364 2279 fontem
386 2217 528 2280 revocari
545 2215 652 2296 licere,
675 2235 748 2278 oum
768 2234 822 2277 eas
844 2211 942 2276 falsas
965 2233 1033 2276 esse
1053 2218 1200 2295 apertum
1222 2211 1273 2276 sit.
1318 2209 1419 2292 Prop-

244 2331 332 2406 terea
352 2327 489 2392 multum
509 2327 642 2409 haereo,
673 2325 752 2409 quid
774 2325 849 2389 huic
871 2324 1119 2407 discrepantiae,
1149 2344 1231 2406 quae
1258 2323 1327 2388 sola
1354 2323 1419 2387 fere

244 2429 323 2503 mihi
344 2439 496 2524 ambigua
517 2445 575 2520 est,
598 2438 724 2519 faciam,
747 2457 850 2519 neque
872 2458 909 2502 eo
932 2435 1025 2502 facile
1047 2437 1200 2517 adducor,
1230 2439 1268 2498 ut
1289 2439 1420 2518 propter

244 2569 341 2614 unam
371 2550 580 2633 scripturam,
613 2549 646 2613 in
677 2571 741 2632 qua
763 2551 868 2615 nescio
892 2571 934 2614 an
956 2549 1134 2632 quidquam
1156 2549 1221 2612 veri
1244 2546 1418 2627 delitescat,

245 2660 396 2729 Vossiani
424 2649 658 2745 praestantiam
687 2667 842 2743 statuam,
872 2682 944 2726 cum
976 2660 1135 2743 plurimae
1160 2680 1280 2742 pravae
1303 2658 1420 2741 opponi

246 2773 377 2855 possint.
422 2771 478 2836 Ita
508 2770 560 2853 fit,
596 2778 631 2836 ut
659 2771 828 2838 Schraderi
858 2773 1088 2853 coniecturam,
1120 2791 1204 2853 quae
1233 2791 1272 2834 ex
1305 2770 1419 2835 litteris

246 2885 372 2948 rocolea
394 2885 513 2966 optime
536 2882 649 2948 effecta
674 2889 722 2948 est
746 2891 778 2950 et
801 2906 899 2967 quam
922 2905 1031 2950 omnes
1054 2882 1191 2948 editores
1214 2882 1315 2947 secuti
1337 2887 1419 2962 sunt,

247 2996 396 3081 amplecti
417 2987 536 3077 verear,
561 2994 761 3078 maximeque
782 2995 823 3059 ad
845 2996 927 3060 hanc
950 2996 1183 3061 dubitationem
1204 3015 1323 3077 pronus
1339 3015 1419 3075 sum,

167 3199 170 3206 ’
247 3100 333 3190 duod
345 3097 468 3171 nullum
479 3106 568 3174 aliud
581 3107 760 3190 exemplum
772 3113 887 3189 exstat,
911 3129 974 3190 quo
986 3105 1239 3191 interpolationis
1251 3104 1420 3187 vestigium

247 3225 280 3287 in
294 3213 453 3286 Bembino
476 3224 509 3285 et
532 3217 789 3302 Cantabrigiensi
804 3219 1071 3302 deprehendatur,
1094 3241 1166 3284 cum
1182 3239 1253 3284 eam
1269 3221 1373 3300 ipsam
1387 3217 1419 3280 in

247 3333 350 3400 altero
373 3332 481 3398 codice
504 3323 687 3416 saepissime
709 3331 843 3396 inveniri
865 3335 897 3395 et
916 3331 1114 3414 inpromptu
1133 3331 1175 3395 sit
1197 3335 1229 3394 et
1250 3331 1316 3395 iam
1338 3351 1420 3394 com·

247 3437 399 3531 probasse
426 3443 504 3508 mihi
530 3443 650 3508 videar.
694 3441 790 3525 Quod
816 3444 877 3508 nisi
904 3449 996 3525 esset,
1026 3442 1104 3525 qnid
1133 3442 1172 3507 de
1202 3442 1350 3507 omnibus
1382 3443 1421 3507 iis

247 3558 325 3625 locis
345 3540 513 3636 Vossiani‚
544 3555 600 3638 qui
628 3560 715 3621 recta
737 3556 834 3620 verba
863 3576 920 3619 nec
947 3555 1050 3618 minus
1072 3575 1203 3636 pravam
1228 3555 1421 3637 scripturam

249 3667 416 3749 exhibent,
445 3665 680 3733 iudicaremus?
715 3673 801 3731 certe
830 3670 898 3729 tum
928 3664 1052 3729 nullum
1080 3665 1168 3730 aliud
1190 3665 1349 3750 refugium
1373 3671 1421 3730 est

249 3781 309 3845 nisi
339 3778 425 3860 quod
460 3782 492 3843 et
514 3773 710 3844 *Bembinum
740 3777 1099 3860 Cantabrigiensemque
1132 3779 1251 3860 optime
1283 3781 1421 3860 interpo-

248 3885 390 3957 la'tos'et
412 3887 609 3957 Vossianum
629 3891 766 3976 pessime
788 3891 944 3955 traditum
966 3909 1034 3953 esse
1056 3893 1216 3971 putamus.

334 4001 392 4068 Ad
413 3999 590 4068 extremum
611 4023 709 4065 unum
729 4000 834 4066 locum
857 4021 1077 4081 commemoro,
1099 4000 1155 4065 ubi
1176 4000 1229 4065 hic
1252 4006 1285 4065 et
1305 4001 1352 4064 illi
1374 4000 1421 4064 ita

249 4117 332 4181 inter
361 4135 394 4179 se
421 4113 589 4198 differunt,
617 4120 654 4178 ut
679 4115 745 4178 sine
768 4110 835 4177 ulla
862 4112 1063 4179 dubitatione
1092 4113 1277 4178 recentioris
1304 4112 1422 4176 codicis

248 4228 346 4293 lectio
366 4208 574 4311 praeferenda
595 4225 646 4291 sit.
690 4225 752 4291 Est
771 4246 816 4290 vs.
841 4228 902 4288 399

252 4325 451 4341 μαψ-

310 4357 342 4425 11)
359 4355 377 4408 1.
396 4354 414 4408 1.
432 4370 459 4424 p.
477 4355 501 4409 a.
