3294 5086
741 385 869 446 ,44
915 423 951 430 -
1026 367 1030 375 '

258 554 357 621 Hunc
382 555 488 621 locum
510 576 550 619 ex
572 558 642 619 toto
664 553 791 619 Moreto
812 552 1102 620 luculentissimum
1124 557 1346 636 argumentum
1367 574 1434 618 esse

259 674 349 751 puto,
372 689 437 751 quo
459 667 664 750 interpolatio
681 666 775 731 huius
795 665 943 731 carminis
961 667 992 731 in
1009 666 1169 734 Vossiano
1187 665 1433 733 demonstratur.

259 779 347 845 Nam
378 782 443 844 sive
465 778 619 862 Scaligeri
641 778 873 859 coniecturam,
907 798 991 860 quae
1012 776 1117 843 adhuc
1138 778 1283 843 omnibus
1304 783 1435 861 accepta

259 889 322 956 fuit

387 1001 518 1068 tandem
540 1008 693 1087 concepto
715 1024 748 1068 se
767 1003 823 1067 lux
846 1003 970 1087 fulgore
993 1003 1114 1086 recepit

260 1113 326 1179 sire
340 1113 529 1179 Buecheleri
542 1116 565 1196 ¹)
589 1115 763 1199 speciosam
780 1116 1043 1197 emendationem,
1063 1115 1105 1180 ad
1122 1136 1220 1197 quam
1242 1112 1433 1197 gravissimis

261 1227 363 1292 causis
386 1226 547 1292 adductus
570 1233 619 1292 est

289 1401 290 1406 ,
390 1337 520 1402 tandem
543 1344 695 1422 concepto
719 1339 775 1404 sed
798 1340 851 1403 rix
871 1339 997 1422 fulgore
1019 1338 1140 1403 recedit

260 1449 491 1532 amplectimur,
501 1450 534 1514 id
542 1456 691 1533 apertum
699 1456 747 1517 cst
755 1452 788 1516 iu
797 1451 900 1516 verbis
908 1450 1265 1535 reliquorumlibrorum
1273 1449 1434 1532 propriam

261 1561 453 1643 scripturam
465 1561 661 1644 delitescere,
680 1563 712 1628 in
723 1563 882 1633 Vossiauo
897 1562 1125 1646 interpolatam
1140 1582 1314 1628 occurrere.
1342 1558 1435 1625 Oum-

262 1693 325 1755 que
356 1672 436 1736 nihil
468 1673 522 1738 rix
550 1674 719 1740 dilucidius
756 1697 826 1741 esse
855 1675 973 1758 possit,
1017 1695 1229 1740 commemoro
1258 1693 1358 1752 nunc,
1400 1675 1436 1734 ut

260 1784 395 1850 leviores
419 1786 656 1853 emendationes
677 1787 728 1852 rel
747 1787 946 1870 corruptelas
968 1786 1055 1852 velut
1076 1810 1105 1851 v.
1123 1791 1165 1852 23
1187 1785 1360 1851 silicem:
1373 1781 1436 1846 sili-

261 1917 323 1977 ces,
338 1919 366 1960 v.
384 1900 423 1960 26
440 1897 576 1963 assiduis
598 1900 683 1983 gyris
697 1931 738 1954 =
751 1899 916 1965 assiduum
932 1900 1028 1982 gyris,
1045 1921 1074 1963 v.
1089 1902 1131 1963 42
1147 1899 1272 1963 colatur
1282 1926 1324 1950 =
1335 1895 1436 1977 liqua-

261 2012 333 2088 tur,
366 2028 446 2089 quas
477 2009 557 2075 duas
578 1990 756 2077 Vossianus
787 2009 889 2093 solus,
923 2011 1058 2076 assiduis
1087 2033 1161 2076 cum
1182 2007 1436 2075 Helmstadieusi

261 2119 371 2201 habet,
393 2125 622 2203 transcurram,
643 2128 765 2188 rectam
786 2144 838 2186 me
860 2122 989 2205 quidem
1012 2122 1115 2189 iudice
1139 2122 1307 2188 lectionem
1324 2117 1436 2185 abillo

262 2252 326 2296 uno
348 2231 502 2296 traditam
524 2256 553 2297 v.
575 2238 617 2299 45

390 2345 549 2410 contrahit
572 2347 730 2411 admixtos
751 2351 830 2411 tunc
852 2344 955 2411 fontes
978 2350 1078 2428 atque
1099 2345 1220 2410 farinas

263 2453 319 2517 ubi
350 2456 447 2520 ceteri
477 2457 560 2522 male
581 2459 738 2523 admixtas
760 2479 843 2522 auae
862 2457 991 2541 frondes
1011 2457 1174 2523 exhibent.
1219 2457 1266 2521 Ut
1287 2457 1437 2521 hocloco

260 2565 409 2629 immunis
431 2566 478 2631 ita
500 2568 608 2650 paullo
632 2569 716 2634 infra
748 2569 944 2652 interpolata
969 2570 1126 2655 scriptura
1157 2573 1263 2634 exstat
1288 2569 1320 2633 iu
1344 2591 1373 2632 v.
1397 2572 1436 2630 77

390 2677 593 2762 plurimaque
613 2681 645 2745 in
667 2688 786 2747 terram
808 2684 956 2746 acumina
979 2681 1073 2746 radix
1093 2680 1237 2746 detrudit

264 2810 336 2853 cum
359 2789 538 2854 emendatio
560 2791 700 2875 reliquos
722 2794 846 2859 codices
865 2792 1046 2877 inspicienti

490 2876 604 2940 lamma
724 2905 900 2988 crescitque
921 2906 953 2969 iu
976 2905 1122 2970 acumina
1144 2904 1237 2968 radix

265 3015 347 3079 satis
370 3036 530 3098 superque
553 3016 724 3082 manifesta
747 3018 798 3081 sit.
841 3016 934 3082 Idem
955 3019 1052 3082 etiam
1075 3016 1114 3080 de
1135 3039 1165 3080 v.
1185 3019 1224 3080 81

396 3127 526 3193 venales
548 3129 672 3193 olerum
695 3128 796 3194 fasces
818 3129 973 3212 portabat
995 3129 1028 3191 in
1050 3127 1163 3192 urbem

191 3251 194 3260 ·
265 3237 321 3301 ubi
344 3259 451 3303 omnes
473 3245 602 3322 praeter
629 3240 822 3307 Vossiauum
844 3261 950 3304 ammo
973 3240 1138 3324 praebent,
1161 3239 1260 3304 statui
1278 3239 1363 3302 lieet.

270 3372 472 3380 -—.—-—-

309 3438 311 3442 ’
335 3435 357 3502 ¹)
375 3435 394 3488 l.
412 3435 429 3488 l.
448 3455 474 3505 p.
490 3438 540 3490 321
559 3437 597 3490 sic
615 3437 725 3491 scribit:

368 3523 481 3576 tandem
500 3527 635 3592 concepto
654 3541 682 3578 se
700 3523 750 3578 lux
767 3524 876 3593 fulgore
894 3522 1000 3591 recepit
1043 3517 1045 3523 ’

266 3608 305 3661 sic
323 3627 349 3662 v.
369 3610 401 3662 13
419 3608 544 3680 Scaliger
562 3610 716 3677 constituit,
736 3611 783 3679 qui
801 3611 831 3663 in
848 3609 927 3663 libris
945 3609 984 3662 sie
1003 3608 1127 3662 decurrit

369 3694 482 3748 tandem
501 3700 636 3764 concepto
656 3697 704 3750 sed
722 3695 771 3749 lux
789 3694 899 3764 fulgore
916 3695 1031 3749 recedit.

266 3779 326 3833 Nec
343 3779 440 3848 pulcre
457 3780 506 3834 ille
524 3782 662 3836 commisit
680 3785 807 3850 concepto
825 3781 929 3850 recepit
945 3799 1035 3849 neque
1059 3785 1124 3850 apte
1142 3799 1158 3835 1
1175 3780 1294 3845 rustice,
1319 3777 1367 3847 qui
1391 3775 1440 3830 ad·

267 3870 362 3931 movet,
375 3866 516 3935 producit,
539 3869 647 3923 eccitat
662 3869 791 3937 idemque
810 3867 934 3936 defendit
957 3871 985 3922 ct
1006 3871 1119 3932 reserat,
1137 3867 1275 3920 actionem
1295 3862 1441 3918 transtulit

267 3955 303 4007 ad
321 3955 477 4008 subiectum
494 3954 573 4020 illud,
593 3956 713 4024 denique
730 3956 784 4009 ista
802 3956 824 4009 si
842 3956 978 4024 probatur
990 3954 1128 4022 scriptura
1140 3969 1196 4006 non
1208 3955 1301 4020 potest
1318 3947 1440 4018 intelligi

266 4040 320 4094 nisi
339 4038 451 4094 favillae
468 4040 552 4094 ardor
570 4041 751 4095 resuscitatur
773 4041 803 4094 in
828 4041 975 4106 flammam,
1000 4040 1082 4094 series
1105 4042 1198 4093 autem
1220 4055 1314 4092 rerum
1337 4053 1370 4090 ac
1394 4035 1441 4088 dc·

267 4126 425 4195 scriptionis
443 4126 575 4196 postulat,
593 4131 626 4179 ut
644 4145 758 4182 accensa
777 4127 887 4181 dicatur
905 4144 962 4181 esse
979 4127 1101 4181 lucerna.
1121 4125 1230 4195 corrigo
1248 4123 1336 4194 igitur

371 4213 484 4267 tandem
502 4217 637 4282 concepto
656 4214 704 4267 sed
721 4214 770 4267 vix
788 4213 898 4283 fulgore
914 4213 1022 4267 recedit

268 4299 286 4353 i.
311 4316 333 4351 e.
357 4298 405 4351 rix
431 4300 544 4353 tandem
570 4299 676 4353 lumine
698 4300 727 4352 in
751 4299 893 4354 lucernam
917 4303 1032 4368 accepto
1057 4298 1117 4352 abit
1142 4296 1263 4366 Simylus
1287 4295 1383 4349 afoco
1401 4294 1439 4348 ad

268 4385 366 4439 cellam
383 4385 533 4454 penariam.
645 4389 647 4394 ’
