3294 5086
670 404 884 466 ..29-

268 565 452 650 Aliquanto
478 569 680 652 gravioribus
708 570 750 636 de
779 572 886 638 causis
915 594 1001 638 nunc
1023 594 1052 640 r.
1076 577 1137 640 137
1161 573 1362 640 excutiamus

311 696 364 763 hic
383 719 538 782 magnum
558 720 637 783 argo
660 701 752 766 enavi
774 700 874 768 decus
896 701 984 768 edita
1003 703 1098 788 pinus
1119 703 1151 768 B

182 824 210 889 0
229 824 395 912 discrepat
415 828 449 893 in
469 849 561 915 arpeo
584 830 663 911 rani,
691 827 723 892 V
739 830 773 895 in
794 851 887 915 argee
908 833 982 895 naci
1010 835 1043 896 et
1072 831 1169 897 odilo.
1214 831 1362 915 Cumque

181 937 332 1022 Arpqab
363 941 436 1006 aaut
466 939 556 1007 haud
589 940 688 1006 dubie
720 947 810 1007 recta
841 941 945 1009 forma
978 943 1029 1026 sit,
1064 945 1238 1027 scripturas
1267 942 1362 1009 modo

181 1049 365 1116 edita-adita
395 1052 642 1137 perpendamus,
674 1050 714 1119 de
741 1054 860 1136 quibus
882 1055 943 1120 viri
964 1053 1051 1120 docti
1072 1056 1107 1120 in
1127 1055 1268 1121 diversas
1289 1076 1362 1140 par·

181 1166 231 1228 tes
252 1162 301 1228 ita
321 1161 546 1246 discesserunt,
567 1169 606 1228 111
627 1163 773 1248 plerique
789 1166 872 1231 editu
886 1167 1071 1249 retinerent,
1094 1169 1189 1251 pauci
1205 1172 1244 1231 ut
1258 1165 1364 1232 Baeh-

180 1273 306 1338 rensius
327 1295 367 1340 ex
385 1275 476 1342 adito
495 1279 611 1361 utpote
628 1277 764 1359 vestigio
785 1278 900 1343 veteris
915 1277 1062 1344 lectionis
1075 1278 1361 1363 additafingerent.

181 1383 297 1468 Argoa
318 1388 407 1452 navis
431 1407 471 1452 ex
492 1389 570 1472 pinu
593 1393 778 1454 constructa
800 1389 900 1454 etita
923 1396 1078 1456 exornata
1100 1394 1165 1473 est,
1195 1395 1233 1456 ut
1265 1389 1363 1456 arbor

181 1516 248 1560 non
269 1496 457 1581 simpliciter
477 1499 570 1582 quasi
588 1519 743 1582 magnum
764 1499 862 1566 decus
884 1501 945 1566 toti
963 1499 1038 1567 navi
1059 1501 1179 1585 addita,
1210 1502 1266 1567 sed
1287 1523 1362 1568 eam

180 1627 315 1690 prorsus
337 1609 510 1676 confecisse
532 1610 678 1694 putanda
700 1613 758 1694 sit,
787 1632 892 1694 neque
912 1633 976 1678 non
995 1614 1079 1678 inter
1102 1634 1212 1678 omnes
1238 1618 1364 1679 constat

181 1717 295 1802 pinum
323 1720 366 1786 ad
394 1742 493 1788 naves
521 1721 736 1788 aedificandas
765 1723 847 1789 adeo
875 1722 1055 1790 adhibitam
1082 1723 1190 1806 fuisse,
1216 1728 1254 1789 ut
1275 1724 1361 1808 apud

180 1837 298 1914 poetas
320 1853 416 1917 saepe
437 1853 509 1899 eam
527 1855 586 1917 pro
608 1855 690 1900 nave
711 1835 783 1918 ipsa
805 1856 873 1901 esse
893 1841 1083 1920 usurpatam
1104 1836 1259 1920 legamus.
1296 1835 1362 1900 Aa

182 1943 254 2008 dita
280 1965 353 2027 vox,
377 1947 405 2010 si
434 1966 455 2010 a
484 1945 648 2012 codicibus
677 1945 868 2031 traderetur,
896 1948 976 2013 nihil
1002 1949 1076 2014 novi
1103 1953 1161 2014 aut
1182 1947 1361 2029 necessarii,

182 2055 241 2120 sed
261 2056 306 2138 id,
329 2057 418 2139 quod
436 2056 521 2123 male
544 2057 578 2122 in
594 2058 763 2124 consilium
781 2065 895 2142 poetae
915 2061 1099 2142 quadraret,
1122 2058 1259 2142 efferret,
1281 2059 1364 2123 odito

180 2173 293 2234 autem
315 2169 540 2235 convenienter
562 2169 668 2254 posita
690 2171 777 2235 omni
793 2193 839 2236 ex
860 2169 963 2257 parte,
985 2171 1047 2236 nisi
1065 2170 1169 2253 fallor,
1192 2169 1361 2236 satisfacit.

179 2279 296 2361 Atque
320 2280 457 2347 remita
479 2302 513 2346 se
534 2281 653 2349 habere
673 2282 934 2366 nonnegabimus,
966 2285 996 2348 si
1017 2282 1115 2349 verba
1136 2302 1286 2367 magnum
1313 2281 1362 2345 da·

178 2411 235 2454 cus
251 2391 375 2476 Argoae
392 2395 465 2458 aori
487 2393 725 2476 quodammodo
747 2393 895 2478 apposita
915 2414 982 2460 esse
1003 2394 1045 2458 ad
1065 2395 1185 2478 pinum,
1209 2413 1293 2475 quae
1311 2413 1362 2457 vo-

177 2502 297 2568 cabulo
326 2503 408 2569 edito
433 2505 539 2570 nescio
567 2525 609 2570 au
637 2525 701 2570 non
730 2505 836 2571 minus
863 2504 1028 2571 commode
1058 2524 1155 2586 quam
1183 2505 1265 2587 olto,
1292 2524 1363 2588 pro-

178 2635 251 2679 cera
289 2613 501 2699 depingatur,
545 2614 711 2681 nobiscum
752 2617 1014 2701 reputaverimus.
1073 2614 1224 2681 Concedo
1262 2615 1363 2680 simile

180 2726 366 2810 exemplum
394 2726 489 2792 huius
522 2747 600 2792 usus
629 2728 716 2793 vocis
743 2750 807 2793 non
829 2733 963 2810 exstare,
994 2748 1066 2792 cum
1089 2727 1188 2791 1111111
1208 2725 1387 2810 imprimis.

182 2837 226 2902 de
244 2837 324 2903 locis
347 2838 485 2921 dicatur,
509 2843 653 2904 attamen
671 2838 734 2904 illis
754 2839 795 2904 de
815 2841 920 2904 causis
942 2843 975 2904 et
988 2837 1107 2920 addita,
1130 2837 1217 2919 quod
1232 2836 1363 2902 verbum

180 2949 236 3014 hic
258 2949 339 3014 nihil
360 2949 456 3032 valet,
478 2948 595 3014 falsum
617 2955 650 3015 et
671 2950 753 3015 edita
774 2950 1022 3034 praeferendum
1043 2971 1111 3015 esse
1133 2969 1256 3015 censeo.

270 3088 361 3171 Apte
382 3107 428 3152 vs.
451 3089 623 3152 ara-214

313 3230 350 3289 tu
372 3225 478 3290 lentus
500 3223 624 3290 refoves
644 3223 784 3289 iocunda
805 3224 949 3290 membra
971 3225 1078 3306 quiete

315 3341 444 3420 ereptus
464 3336 559 3401 tetris
581 3356 598 3401 1
620 3335 767 3401 cladibus
791 3383 798 3400 .
822 3385 829 3402 .
853 3384 860 3400 .
885 3383 893 3401 .

183 3470 401 3555 subiciuntur,
431 3472 488 3538 ubi
519 3470 697 3539 Vossianus
729 3492 788 3555 pro
817 3472 902 3535 tetris
930 3470 1028 3537 habet
1056 3471 1154 3534 catria.
1206 3467 1362 3553 Quamvis

183 3565 365 3666 scripturae
401 3586 486 3649 tetris
514 3582 638 3649 nullam
666 3582 911 3665 ambiguitatem
944 3581 1109 3647 inhaerere
1135 3585 1282 3666 apertum
1310 3583 1363 3662 sit,

182 3699 295 3759 tamen
316 3697 435 3760 mirum
456 3701 514 3778 est,
538 3696 667 3777 quantis
688 3693 834 3760 artificiis
856 3692 915 3756 viri
937 3693 1036 3775 docti,
1059 3698 1096 3757 111
1117 3692 1310 3781 sententiam
1324 3692 1365 3756 de

183 3803 346 3874 Vossiano
369 3807 484 3873 animis
505 3806 602 3874 semel
619 3811 805 3890 conceptam
820 3803 1029 3870 defenderent
1044 3825 1084 3870 ac
1102 3803 1291 3885 stabilirent,
1313 3803 1364 3868 usi

182 3917 397 4002 depravatam
418 3919 591 3985 lectionem
613 3917 702 3982 ratris
724 3919 884 4000 corrigere
906 3920 939 3981 et
960 3915 1161 3982 emendatam
1182 3916 1215 3979 in
1238 3919 1363 3980 textum

181 4031 327 4114 recipere
358 4031 549 4097 studuerint.
600 4028 689 4093 Nam
715 4029 760 4111 id,
791 4031 914 4113 opinor,
943 4049 1036 4093 nemo
1065 4025 1257 4092 infitiabitur
1284 4047 1364 4090 nun·

183 4161 284 4222 quam
305 4142 455 4206 futurum
476 4142 584 4224 fuisse,
608 4147 645 4206 ut
668 4143 753 4205 tetris
774 4141 808 4204 in
830 4140 965 4206 dubium
986 4142 1165 4218 vocaretur,
1195 4136 1258 4201 nisi
1278 4157 1363 4201 unus

182 4252 296 4335 codex,
319 4252 372 4318 cui
392 4253 538 4318 nonnulli
558 4251 656 4318 fidem
677 4251 859 4318 habendam
873 4273 941 4316 esse
955 4251 1016 4316 sibi
1031 4254 1266 4335 persuaserunt,
1281 4247 1364 4314 illud

182 4365 274 4428 catria
302 4365 484 4448 praeberet.
529 4362 603 4447 Quo
626 4364 660 4428 in
681 4363 764 4429 libro
786 4363 854 4428 solo
876 4382 1003 4428 omnem
1024 4361 1170 4444 salutem,
1198 4381 1297 4426 unam
1317 4360 1364 4426 fa·
